3225 5259
1515 356 1558 423 9

366 526 369 529 ’
407 547 690 642 quamvis
759 547 939 617 valde
965 580 972 588 ·
1003 547 1365 642 optandum.
1411 498 1434 627 ἶ
1465 549 1781 639 Linguam
1846 548 2143 639 organice
2198 546 2657 643 quodammodo
2731 577 2735 582 ·

407 676 550 725 esse
619 654 1018 725 constitutam
1084 654 1272 723 hodie
1337 647 1590 749 qdidem
1654 653 1879 725 millies
1950 654 2261 749 repetitur
2334 678 2408 727 ac
2442 666 2658 727 ‘recte

399 761 716 855 justeque.
805 763 1098 855 Itemque
1143 770 1242 830 est
1293 759 1802 839 concedendum,
1854 784 2076 831 omnes
2131 761 2403 853 linguas,
2462 785 2659 857 quum

411 868 674 939 naturali
719 867 984 963 quadam
1031 866 1412 935 necessitate
1467 866 1602 937 sine
1662 867 1963 937 industria
2008 890 2081 936 ac
2128 866 2659 940 commentatione

311 1052 322 1057 ‚
409 996 492 1044 ex
537 974 756 1045 intimo
802 972 1006 1044 animo
1052 972 1346 1053 humano,
1389 972 1498 1067 qui
1543 964 1606 1041 iu
1654 972 1924 1043 maxima
1970 996 2043 1043 re
2086 973 2249 1067 apud
2282 997 2507 1045 omnes
2535 1000 2659 1069 po-

407 1081 588 1174 pulos
634 1104 886 1175 semper
929 1079 1010 1149 sit
1052 1078 1252 1160 idem,
1309 1088 1605 1173 tanquam
1652 1102 1733 1148 ex
1780 1080 1955 1150 fonte
2002 1080 2464 1163 emanaverint,
2512 1104 2659 1151 om·-

409 1210 542 1269 nes‚
586 1188 858 1283 inquam,
905 1183 1138 1256 hahere
1185 1184 1414 1278 aliquid
1459 1184 1660 1255 simile
1702 1196 1891 1281 atque
1922 1186 2204 1280 aequale.
2264 1186 2395 1258 Sed
2425 1187 2659 1257 rectius

411 1296 602 1363 etiam
647 1285 1150 1363 contendendum
1197 1288 1464 1372 videtur,
1511 1292 1789 1384 linguam
1834 1315 1962 1362 non
2012 1291 2283 1387 aliquam
2328 1315 2467 1363 rem
2515 1316 2657 1365 esse
2765 1332 2767 1340 ν
2825 1292 2835 1301 ’

377 1400 798 1489 organicam,
867 1400 976 1471 sed
1035 1400 1239 1493 potius
1295 1422 1498 1489 genus
1553 1398 1866 1493 quoddam
1922 1420 2135 1469 rerum
2202 1399 2659 1490 organicorum,

409 1504 580 1598 quod
625 1506 686 1574 in
734 1507 957 1581 multas
1015 1506 1276 1575 divisum
1333 1504 1414 1574 sit
1469 1505 1711 1598 species
1769 1514 1959 1599 atque
2008 1504 2342 1575 individua.
2432 1506 2661 1577 Omnis

409 1611 623 1701 lingua
667 1622 766 1683 est
809 1612 1052 1704 singula
1099 1621 1166 1680 et
1209 1620 1282 1680 ut
1323 1610 1410 1680 ita
1457 1611 1657 1682 dicam
1704 1611 1953 1707 aliquod
2000 1609 2405 1681 individuum.
2494 1616 2657 1683 Nam

411 1718 722 1808 generalis
766 1719 1018 1811 linguae
1061 1715 1202 1787 idea
1247 1717 1416 1787 omni
1463 1717 1729 1809 cujusvis
1772 1718 1983 1812 populi
2030 1741 2325 1791 sermone
2372 1728 2544 1789 certa
2586 1742 2661 1788 ac

411 1826 716 1894 constanti
777 1823 1042 1920 quadam
1102 1822 1346 1893 ratione
1415 1824 1803 1916 exprimitur.
1895 1826 2078 1894 Hanc
2148 1822 2404 1917 quidem
2472 1824 2659 1917 unice

411 1942 695 2025 spectare
742 1930 1076 2009 debemus3
1135 1951 1279 1998 nam
1322 1951 1533 1999 veram
1579 1939 1769 2025 atque
1813 1930 2199 2019 singularem
2250 1929 2415 2001 illius
2468 1930 2661 2001 natu-

410 2058 546 2107 ram
593 2038 948 2131 perspicere
995 2058 1108 2105 nos
1153 2044 1420 2129 oportet.
1498 2038 1753 2129 Atque,⁵
1781 2036 1897 2105 nisi
1930 2037 2134 2120 fallor,
2184 2058 2265 2105 ex
2296 2037 2416 2107 hoc
2445 2048 2661 2107 nostro

411 2142 622 2212 libello
669 2143 1026 2239 apparebit,
1069 2153 1308 2237 tantam
1351 2142 1520 2211 inter
1563 2142 1893 2213 nonnullas
1940 2143 2183 2234 linguas
2231 2165 2371 2212 esse
2418 2142 2661 2215 discre-

410 2250 713 2342 pantiam,
769 2274 893 2345 qua
949 2249 1116 2317 inter
1169 2247 1512 2343 polypodes
1569 2257 1637 2318 et
1688 2249 2029 2342 superioris
2086 2248 2318 2319 ordinis
2376 2250 2661 2319 animalia

411 2380 534 2425 non
579 2358 774 2449 possit
817 2377 957 2426 esse
1001 2354 1218 2445 major.
1296 2353 1633 2438 Quomodo
1679 2364 1891 2425 autem
1936 2355 2341 2448 physiologus
2368 2355 2505 2424 illos
2537 2378 2661 2425 ne·-

413 2462 641 2552 gliget,
700 2459 1116 2531 considerabit
1171 2462 1328 2531 haec
1382 2462 1562 2532 sola?
1632 2460 1969 2545 Quomodo
2028 2462 2389 2555 superiores
2442 2484 2659 2533 rerum

413 2568 784 2637 naturalium
829 2566 1059 2657 gradus
1115 2567 1572 2657 intelligemus,
1633 2567 1746 2635 nisi
1802 2567 2233 2659 perspeximus
2290 2566 2661 2637 inferiores?

413 2675 549 2743 Una
607 2683 867 2744 naturae
925 2684 1116 2768 atque
1168 2674 1419 2765 linguae
1475 2672 1967 2767 perscrutandae
2026 2674 2118 2743 via
2176 2694 2249 2743 ac
2304 2672 2463 2744 ratio
2510 2694 2658 2743 vera

411 2790 512 2849 est
538 2782 835 2872 gymnica,
880 2804 1066 2875 quam
1113 2780 1360 2861 dicunt:
1403 2791 1595 2876 atque
1628 2802 1703 2849 ea
1736 2778 2002 2849 nonita·
2024 2790 2121 2849 est
2164 2778 2542 2872 accipienda,
2589 2789 2661 2851 ut

411 2886 796 2977 singularum
841 2896 1084 2955 tantum
1130 2886 1484 2976 linguarum
1543 2886 1973 2981 perquiramus
2034 2886 2349 2956 historiam
2410 2896 2477 2957 et
2534 2909 2659 2978 ge·-

409 2992 608 3071 nesin,
651 2990 763 3059 sed
810 2991 1160 3081 linguarum
1206 2992 1518 3086 disciplina
1561 2994 1623 3061 in
1668 3016 1747 3061 eo
1789 2979 2095 3077 versatur,
2140 3006 2213 3065 ut
2248 2992 2450 3075 ideae,
2496 3016 2659 3089 quae

413 3109 483 3168 ut
527 3120 684 3167 sono
728 3120 800 3167 ac
843 3118 996 3167 voce
1045 3098 1432 3193 exprimatur
1477 3098 1847 3181 contendat,
1904 3121 2307 3193 progressum
2353 3111 2543 3195 atque
2586 3111 2661 3171 ut

411 3203 496 3273 ita
555 3202 754 3273 dicam
783 3230 790 3233 ·
815 3212 1136 3274 certamen
1195 3215 1470 3299 exponat
1522 3228 1669 3276 cum
1704 3228 1885 3275 sono
1942 3204 2180 3275 initum.
2270 3208 2358 3277 Ut
2410 3208 2661 3301 quaevis

415 3310 714 3379 naturalis
769 3333 874 3381 res
929 3310 1110 3380 testis
1168 3320 1268 3380 est
1319 3310 1610 3381 victoriae
1654 3309 1735 3382 ab
1756 3374 1761 3378 .
1780 3311 1985 3381 animo
2047 3334 2129 3381 ex
2184 3313 2445 3383 materia
2488 3313 2660 3383 rela-

414 3430 549 3487 tae:
605 3416 690 3487 ita
745 3430 904 3511 quot
958 3417 1208 3509 linguae
1265 3426 1363 3487 tot
1415 3415 1647 3508 gradus
1695 3418 2018 3501 victoriae,
2074 3439 2261 3513 quam
2318 3417 2459 3489 idea
2516 3443 2663 3493 cum

412 3546 586 3593 voce·
609 3533 856 3594 certans
900 3522 1126 3617 adepta
1174 3532 1289 3592 est.
1378 3527 1554 3595 Inter
1598 3522 1923 3595 inferiores
1980 3534 2190 3595 autem
2248 3535 2317 3594 et
2368 3526 2663 3619 superio·
2772 3568 2775 3571 ⁴

411 3652 516 3698 res
581 3624 936 3719 linguarum
981 3627 1214 3720 gradus
1280 3628 1378 3697 vel
1449 3629 1703 3699 ordines
1768 3640 2007 3700 tantam
2074 3652 2213 3700 esse
2280 3632 2663 3715 varietatem,

389 3746 706 3828 quantam
749 3735 916 3804 inter
961 3735 1252 3805 inferiora
1297 3736 1584 3805 animalia
1630 3759 1703 3805 ac
1748 3737 2133 3831 superiora,··
2156 3760 2320 3831 quae
2367 3738 2663 3829 gravissi-

411 3842 530 3910 mis
575 3841 824 3934 organis
869 3862 942 3911 ac
987 3843 1259 3912 maxime
1304 3842 1671 3912 necessariis
1716 3841 1883 3912 inter
1928 3866 1997 3914 se
2034 3842 2343 3923 differant,
2392 3843 2477 3913 ita
2508 3843 2662 3939 pro'-

415 3947 580 4018 secto
623 3946 975 4041 apparebit,
1031 3958 1104 4017 ut
1155 3970 1234 4018 eo
1279 3949 1446 4040 ipso,
1501 3948 1562 4016 iu
1620 3972 1745 4042 quo
1791 3972 2009 4019 verum
2053 3950 2347 4021 orationis
2392 3951 2664 4045 positum

415 4051 496 4120 sit
523 4054 698 4145 quasi
723 4052 924 4123 robur
953 4075 1027 4125 ac
1057 4054 1304 4147 propria
1335 4054 1445 4134 vis,
1477 4054 1719 4145 linguas
1748 4054 2249 4126 demonstremus
2282 4055 2631 4151 discrepari.

592 4160 754 4230 Nam
783 4159 1005 4230 *omnis
1062 4159 1312 4255 quidem
1371 4172 1582 4231 sermo
1640 4170 1737 4231 est
1792 4161 2027 4255 aliqua,
2086 4184 2249 4257 quae
2278 4162 2385 4233 ab
2446 4166 2661 4233 Hum-

417 4262 661 4345 boldtio
685 4266 742 4348 *J
799 4266 1139 4337 vocabatur
1173 4268 1464 4359 ponendi
1509 4270 1673 4337 actio
1690 4320 1709 4350 ‚
1754 4269 2305 4359 comprehensione
2346 4269 2443 4339 vel
2506 4292 2663 4361 syn-

557 4496 610 4567 ·)
644 4494 861 4553 Einleit.
894 4511 949 4569 p.
983 4492 1228 4574 com.

453 4594 544 4673 ᾖε..
583 4607 646 4686 a.
669 4612 782 4711 zaja
821 4592 1046 4682 vam-
1079 4604 1350 4682 (cmv
1382 4601 1540 4668 tac...
