3225 5259
1712 365 1799 436 20

625 565 752 634 tivo
801 561 1188 654 conjungere
1235 560 1454 630 solitus
1500 570 1703 643 esset,
1750 561 1897 655 quin
1956 562 2143 632 etiam
2206 561 2463 633 verbum
2527 585 2668 631 cum
2725 563 2884 634 sub-

621 671 792 763 jecto
835 677 1094 761 propter
1139 665 1322 758 hujus
1377 667 1503 736 vim
1561 691 1637 737 ac
1679 667 1925 761 pondus
1970 669 2340 762 pronomine
2398 669 2505 738 illo
2566 669 2883 739 interdum

629 775 1060 870 copularetur,
1119 772 1301 842 facile
1338 771 1643 866 ‘Aegyptii
1692 773 1770 844 ad
1818 773 1877 844 id
1926 774 2135 844 induci
2180 784 2546 868 potuerunt,
2593 786 2664 844 ut
2710 777 2881 844 rela-

625 884 751 954 tivo
799 880 1060 974 copulae
1109 886 1315 972 partes
1363 880 1797 950 attribuerent.
1885 883 2069 964 Quae
2115 881 2239 951 huc
2269 881 2610 962 attulimuS,
2657 880 2883 953 utde-

624 997 1135 1065 monstraremuS,
1181 985 1568 1077 pronomine
1596 985 1857 1056 relativo
1904 987 1983 1064 ad
2015 987 2525 1082 simplicissimam
2558 1012 2704 1057 usos
2738 1011 2879 1058 esse

626 1091 1010 1166 formandam
1057 1090 1587 1162 enunciationem.
1683 1092 1875 1175 Quod
1921 1103 2130 1163 tamen
2189 1102 2365 1164 recte
2413 1095 2648 1164 sactum
2695 1118 2881 1164 nemo

627 1197 1021 1274 existimabit.
1112 1198 1274 1265 Nam
1320 1198 1673 1290 'praedicati
1741 1220 1885 1268 cum
1942 1199 2227 1292 subjecto
2285 1201 2593 1292 copulatio
2650 1201 2879 1270 arctior

625 1333 699 1379 ac
741 1304 1000 1378 vividior
1046 1327 1187 1375 esse
1235 1303 1456 1385 debet,
1503 1329 1690 1399 quam
1738 1328 1899 1398 quae
1946 1306 2238 1386 relativa,
2286 1307 2453 1399 quod
2497 1308 2871 1377 relationem

624 1413 820 1506 magis
866 1433 1053 1506 quam
1098 1412 1598 1504 conjunctionem
1648 1412 1978 1504 exprimat,
2028 1412 2188 1482 effici
2239 1413 2452 1505 possit.

802 1516 1142 1589 Videamus
1199 1526 1409 1586 autem
1468 1538 1635 1585 nunc
1681 1517 1809 1610 jam
1838 1570 1857 1599 ,
1923 1541 2045 1613 qua
2113 1519 2351 1588 ratione
2417 1519 2877 1612 amplificentur

627 1624 1112 1697 enunciationes.
1201 1625 1362 1692 Nam
1408 1622 1688 1715 sejuncto
1734 1623 2090 1718 praedicato
2136 1647 2171 1692 a
2218 1622 2503 1716 subjecto
2552 1626 2645 1694 vel
2678 1622 2873 1693 verbo

623 1758 662 1803 a
706 1730 992 1810 nomine,
1039 1729 1405 1823 complicata
1450 1729 1643 1822 ipsius
1688 1728 2026 1823 praedicati
2075 1732 2385 1800 elementa
2434 1729 2874 1822 distinguenda

623 1847 791 1908 sunt.
857 1837 957 1905 Ac
1000 1836 1389 1928 potissimum
1439 1835 1922 1928 exprimendum
1954 1846 2051 1907 est
2080 1835 2419 1928 objectum.
2488 1835 2671 1905 Initio
2706 1834 2871 1903 enim

624 1943 910 2014 homines
955 1940 1260 2030 singulam
1305 1941 1613 2010 actionem
1663 1941 1759 2011 vel
1806 1951 2037 2011 statum
2096 1964 2238 2011 cum
2296 1941 2589 2011 omnibus
2644 1938 2873 2035 quibus

625 2048 921 2120 definitur
964 2045 1154 2116 rebus
1199 2044 1746 2139 comprehendunt
1790 2057 1979 2141 atque
2024 2071 2145 2117 una
2196 2071 2344 2118 voce
2390 2058 2461 2118 ut
2491 2047 2871 2138 singularem

625 2157 933 2227 actionem
995 2152 1375 2244 exprimunt.
1476 2154 1639 2221 Nam
1708 2150 1932 2222 eadem
2003 2141 2209 2249 quum⁰
2250 2153 2332 2238 ,ab
2391 2154 2525 2223 aliis
2584 2163 2693 2222 aut
2750 2153 2871 2221 alio

623 2261 808 2332 modo
853 2259 962 2330 fiat
1007 2268 1116 2328 aut
1160 2257 1237 2328 ad
1285 2252 1821 2326 aliam‘rel‘eratur
1861 2281 2019 2340 rem,
2066 2260 2179 2329 alia
2234 2260 2349 2329 illis
2398 2259 2646 2330 videtur
2686 2258 2867 2328 actio.

623 2369 792 2440 Hinc
838 2367 952 2435 ista
1001 2363 1061 2432 in
1111 2364 1338 2458 linguis
1388 2388 1506 2432 non
1557 2363 1819 2433 excultis
1856 2365 2203 2436 verborum
2238 2367 2503 2452 luxuria.
2573 2367 2869 2436 Sinenses

625 2484 837 2546 autem
882 2472 1110 2541 mirum
1156 2493 1282 2540 non
1329 2470 1609 2552 videtur,
1668 2471 1945 2564 quamvis
1991 2496 2039 2539 v.
2088 2494 2141 2541 c.
2202 2474 2566 2564 generalem
2622 2470 2869 2542 amandi

625 2581 936 2652 actionem
991 2575 1167 2646 variis
1224 2575 1472 2650 vocibus
1533 2576 1889 2669 exprimere
1945 2577 2213 2670 possint,
2282 2590 2503 2658 tamen,
2549 2578 2866 2673 speciatim

626 2689 818 2758 etiam
873 2685 1252 2776 loquuntur:
1315 2683 1590 2774 aliquem
1644 2697 1715 2752 ut
1763 2698 2011 2774 patrem
2065 2707 2284 2752 amare
2308 2736 2327 2764 ,
2382 2694 2490 2753 aut
2524 2701 2614 2780 ‘ut
2660 2697 2865 2778 pater,-

623 2791 792 2889 quod
838 2804 1052 2860 tamen
1100 2789 1231 2858 sola
1281 2811 1355 2857 ea
1400 2811 1556 2858 voce
1605 2788 1945 2869 declarant,
1992 2812 2155 2883 quae
2176 2804 2430 2880 patrem
2459 2791 2643 2859 valet.
2701 2792 2863 2859 Nam

623 2901 837 2990 lingua
881 2896 1084 2966 Sinica
1129 2895 1379 2963 omnino
1426 2905 1634 2986 partes
1681 2895 1979 2964 orationis
2025 2919 2147 2963 non
2207 2895 2500 2964 discernit
2546 2907 2611 2966 et
2655 2919 2865 2989 neque

622 3007 815 3076 babet
858 3000 1232 3072 substantiva
1281 3023 1486 3094 neque
1518 2999 1729 3082 verba,
1777 3024 1983 3095 neque
2015 3001 2250 3071 habere
2295 3025 2370 3071 ea
2401 3012 2628 3096 potest,
2670 3026 2866 3096 quum

624 3110 874 3182 omnino
921 3131 1043 3177 non
1092 3107 1322 3177 habeat
1365 3129 1545 3176 veras
1589 3130 1773 3176 voces
1819 3107 2119 3199 singulaS,
2167 3107 2278 3177 sed
2324 3109 2558 3203 potiuS,
2616 3119 2689 3177 ut
2743 3108 2865 3180 de-

621 3214 1094 3288 monstravimus
1121 3265 1140 3293 ‚
1212 3221 1374 3282 totas
1445 3214 1909 3283 enunciationes
1964 3212 2296 3282 verborum
2355 3237 2517 3308 quae
2576 3215 2864 3284 dicuntur

619 3323 1066 3421 primitivorum
1111 3317 1354 3387 indutas
1402 3320 1617 3388 forma.
1711 3319 1880 3402 Quid
1926 3330 2137 3388 autem
2193 3319 2593 3390 collocatione
2638 3343 2859 3390 vocum

621 3437 986 3524 assequatur
1032 3424 1189 3493 infra
1239 3422 1819 3496 demonstrabimus.
1909 3426 2031 3496 Hic
2075 3425 2327 3521 quidem
2385 3449 2578 3520 quum
2624 3426 2699 3497 ad
2747 3449 2861 3495 nos

621 3562 748 3607 non
795 3534 1057 3605 attineat
1100 3530 1498 3625 perquirere,
1543 3531 1857 3626 quomodo
1903 3531 2107 3601 variae
2153 3531 2405 3621 linguae
2452 3532 2693 3625 objecta
2741 3532 2860 3602 de-

621 3645 902 3736 signent,
957 3638 1022 3707 id
1069 3645 1290 3706 notare
1335 3636 1629 3718 sufficiat,
1687 3660 1897 3708 veram
1957 3638 2406 3708 enunciationis
2461 3640 2657 3709 solam
2722 3662 2860 3708 eam

595 3773 762 3819 ·esse
808 3748 1104 3822 sormam,
1162 3765 1286 3836 qua
1345 3753 1409 3812 et
1467 3743 1651 3834 hujus
1708 3745 1873 3826 salva
1930 3745 2011 3814 sit
2068 3743 2271 3813 unitas
2333 3756 2399 3814 et
2440 3768 2625 3816 voces
2673 3746 2860 3815 etiam

621 3861 965 3924 serventur.
1055 3851 1215 3918 Nam
1261 3858 1332 3917 ut
1377 3849 1509 3942 ipsa
1555 3851 1869 3920 sententia
1929 3858 1994 3920 et
2039 3849 2456 3945 quodcunque
2503 3862 2675 3920 creat
2720 3853 2858 3921 ani-

620 3982 757 4028 mus
802 3959 887 4027 ita
933 3954 1310 4037 enunciatio,
1355 3955 1588 4050 quippe
1630 3979 1795 4050 quae
1826 3957 1906 4026 sit
1935 3957 2285 4027 sententiae
2318 3959 2511 4029 forma
2540 3955 2619 4026 ab
2649 3958 2857 4026 animo

619 4073 848 4145 creata,
893 4061 1143 4156 quidam
1188 4060 1264 4131 sit
1309 4082 1498 4155 quem
1545 4061 1762 4131 dicunt
1804 4063 2195 4152 organismus
2238 4087 2496 4133 necesse
2530 4074 2645 4145 est,
2691 4064 2856 4159 quod

619 4175 703 4242 ita
751 4167 1221 4260 intelligendum
1266 4168 1423 4249 volo,
1469 4177 1540 4236 ut
1586 4169 2035 4238 enunciationis
2080 4170 2322 4239 articuli
2368 4179 2661 4263 tanquam
2710 4192 2855 4238 cor-

617 4278 788 4371 poris
833 4275 1111 4345 membra
1155 4275 1237 4344 ita
1284 4274 1406 4345 sint
1450 4273 1795 4355 constituti,
1852 4283 1924 4344 ut
1970 4298 2189 4344 omnes
2235 4275 2485 4370 quidem
2533 4275 2612 4343 ad
2659 4297 2854 4343 unum

616 4384 900 4467 tendant,
955 4405 1069 4451 suo
1128 4391 1335 4450 tamen
1397 4381 1660 4476 quisque
1708 4390 1920 4451 utatur
1966 4382 2126 4474 jure.
2220 4385 2447 4478 Neque
2504 4379 2854 4450 dilabantur

617 4513 822 4584 neque
879 4487 1104 4560 arctius
1175 4488 1660 4581 comprimantur
1727 4497 2017 4579 oportet3
2086 4488 2198 4558 sed
2256 4499 2409 4582 quot
2462 4496 2609 4557 sunt
2665 4487 2853 4580 ipsius
