3225 5259
1441 375 1526 440 33

351 567 642 637 habitare
687 567 974 638 denotet:
1023 565 1144 637 ho'c
1189 565 1337 636 nihil
1386 566 1801 646 demonstrat,
1850 568 1961 637 nisi
1996 525 2295 640 Sinenses
2339 570 2399 639 in
2446 572 2603 640 scri-

351 673 573 742 bendis
619 674 714 742 his
761 673 1015 743 vocibus
1062 681 1172 742 aut
1218 673 1364 742 falsa
1413 673 1633 742 ductos
1680 698 1821 743 esse
1868 675 2262 766 etymologia,
2310 687 2418 746 aut
2462 700 2604 748 me-

353 778 521 848 lioris
579 779 948 871 cognitionis
1008 777 1372 873 participeS,
1444 791 1655 848 tamen
1711 782 1887 871 signo
1946 780 2197 873 quidem
2256 785 2603 875 analogiam
2708 823 2715 830 ·

351 884 661 977 quandam
712 884 1012 956 denotare
1059 883 1342 954 voluisse.
1390 895 1602 980 Atque
1638 887 1751 954 hac
1781 910 2033 981 quoque
2062 910 2133 955 re
2168 889 2603 960 confirmatum

353 989 583 1072 videm,
630 992 880 1081 linguae
912 992 1152 1061 Sinicae
1203 997 1488 1060 natura'm
1536 1015 1677 1062 esse
1725 993 2079 1075 vocativam,
2124 1004 2196 1063 ut
2252 1017 2437 1088 supra
2474 996 2603 1087 jam

351 1097 634 1168 diximus».
661 1099 788 1168 Sed
813 1098 1236 1191 relinquamus
1261 1099 1371 1167 has
1395 1098 1853 1192 dependentiae
1878 1099 2224 1191 particulas.
2252 1101 2603 1170 inhaeren-

353 1204 476 1273 tiae
507 1205 780 1274 rationes
813 1205 1272 1295 aggrediamur,
1304 1206 1362 1272 in
1396 1203 1623 1298 quibus
1654 1228 1998 1298 pronomen
2032 1207 2359 1275 relativum
2393 1206 2573 1276 valet.
2676 1218 2682 1224 '

531 1309 744 1394 Quum
801 1335 950 1380 vero
1007 1313 1276 1405 primum
1337 1311 1435 1379 hic
1505 1311 1681 1381 nobis
1741 1321 2031 1380 occurrat
2086 1335 2433 1404 pronomen
2502 1336 2603 1382 re-

353 1416 652 1499 lativum,
733 1416 1048 1487 edicamus
1131 1441 1392 1488 necesse
1475 1417 1763 1498 videtur,
1855 1441 2200 1510 pronomen
2280 1418 2605 1489 relativum

351 1522 525 1592 nohis
594 1469 782 1591 videri
852 1523 909 1592 id
939 1577 956 1604 ,
1040 1525 1211 1619 quod
1280 1522 1590 1617 quandam
1660 1545 1905 1592 vocum.
1962 1525 2330 1593 relationem
2400 1525 2603 1595 deno-

351 1636 477 1710 tet,
551 1629 788 1698 etiamsi
845 1632 1038 1724 prima
1097 1642 1165 1700 et
1219 1640 1292 1700 ut
1347 1631 1433 1700 ita
1486 1629 1689 1700 dicam
1743 1631 2153 1722 etymologica
2219 1631 2353 1723 ejus
2405 1631 2604 1721 signi-

351 1734 642 1804 ficatione
688 1737 765 1804 sit
810 1736 1366 1807 demonstrativum
1410 1736 1503 1803 vel
1563 1735 1968 1805 indefinitum.
2062 1737 2277 1830 Atque
2336 1759 2477 1804 cum
2534 1737 2605 1808 iis

349 1842 793 1923 consentimus,
840 1843 942 1936 qui
991 1843 1224 1912 nullam
1273 1842 1536 1911 sortasse
1569 1841 1845 1932 linguam
1878 1839 2257 1911 contendant
2286 1844 2605 1938 proprium

351 1945 582 2016 habere
627 1948 976 2028 relativum,
1023 1949 1134 2019 sed
1181 1951 1300 2018 hoc
1346 1969 1693 2040 pronomen
1742 1969 1995 2040 semper
2041 1971 2160 2016 usu
2192 1971 2263 2018 ac
2295 1952 2603 2043 positione

331 2075 433 2142 ‘ex
480 2053 610 2122 aliis
656 2055 1127 2149 pronominibus
1176 2053 1449 2124 formari.
1523 2054 1744 2145 ltaque
1791 2076 1859 2122 re
1910 2077 2057 2123 vera
2104 2077 2208 2123 eas
2256 2056 2441 2124 etiam
2488 2079 2604 2128 vo·-

349 2181 477 2241 ceS,
525 2183 689 2254 quae
737 2161 1196 2255 dependentiae
1243 2160 1547 2230 denotent
1591 2158 1993 2239 relationem,
2042 2167 2111 2227 ut
2156 2183 2415 2230 casuum
2464 2162 2604 2232 exi-

348 2277 450 2334 tus
497 2278 562 2336 et
609 2268 1119 2361 praepositioneS,
1165 2267 1450 2336 relativas
1499 2265 1825 2333 nominare
1875 2288 2219 2358 possumus.
2307 2271 2601 2340 Attamen

349 2395 544 2466 quum
592 2375 896 2467 plurimae
943 2373 1196 2463 linguae
1254 2372 1361 2441 has
1417 2395 1450 2438 a
1509 2371 1877 2463 pronomine
1937 2372 2195 2441 relativo
2256 2375 2609 2466 sejungant.

351 2501 586 2572 easque
623 2480 768 2570 jure
807 2480 1106 2572 justeque
1153 2479 1386 2569 majore
1430 2478 1745 2546 instruunt
1782 2479 2354 2572 comprehendendi
2391 2505 2461 2550 ac
2492 2504 2605 2551 re-

349 2584 590 2652 ferendi
637 2585 716 2666 vi,
762 2585 843 2655 ita
889 2598 962 2654 ut
1008 2608 1192 2654 voces
1235 2586 1304 2654 iis
1334 2585 1580 2653 relatae·
1602 2586 1797 2676 magis
1830 2585 2021 2653 verbo
2054 2585 2477 2676 subjiciantur,
2525 2586 2606 2656 ad

347 2689 517 2783 quod
566 2691 938 2773 reserantur,
984 2715 1170 2786 quarn
1219 2715 1355 2772 eae,
1402 2714 1562 2784 quae
1610 2691 1979 2785 pronomine
2027 2691 2285 2761 relativo
2332 2693 2604 2784 conjun-

349 2809 610 2886 gantur,
669 2799 808 2892 quia
869 2799 1071 2890 logica
1131 2799 1315 2867 etiam
1371 2801 1535 2867 inter
1582 2798 1839 2868 verbum
1898 2808 1963 2866 et
2020 2799 2335 2890 objectum
2382 2798 2605 2869 relatio

349 2903 574 2973 arctior
621 2917 717 2973 est
761 2929 947 2997 quam
995 2906 1159 2973 inter
1205 2902 1573 2974 attributum
1624 2914 1688 2973 et
1745 2928 1884 2973 eam
1932 2904 2031 2972 cui
2080 2904 2443 2975 attribuitur
2490 2929 2603 2975 vo—

351 3031 519 3077 cem:
566 3033 679 3078 nos
725 3033 974 3102 quoque
1021 3009 1510 3103 praepositiones
1559 3020 1625 3080 et
1670 3034 2081 3104 quaecunque
2129 3033 2315 3080 voces
2358 3009 2605 3103 depen-

350 3113 626 3183 dentiam
674 3115 1012 3185 enuncient
1057 3139 1139 3184 ex
1185 3117 1300 3185 hac
1350 3125 1556 3184 nostra
1605 3116 2027 3210 disquisitione
2084 3115 2492 3197 excludimus,
2540 3127 2607 3186 et

351 3220 432 3288 de
464 3221 852 3290 inhaerentia
887 3232 1150 3304 tantum,
1197 3233 1268 3291 ut
1289 3222 1415 3314 jam
1447 3245 1634 3314 supra
1668 3222 1953 3303 diximuS,
1986 3223 2271 3316 quaestio
2304 3221 2445 3303 erit,
2492 3223 2605 3292 nisi

353 3325 479 3418 ipsa
527 3326 730 3420 aliqua
779 3327 988 3447 lingua
1038 3330 1150 3398 has
1199 3329 1349 3397 duas
1397 3328 1733 3398 relationes
1780 3327 2121 3409 confundit,
2170 3326 2449 3422 duasque
2485 3351 2603 3398 eo-

339 3431 494 3501 ·dem
541 3432 799 3505 denotat
845 3435 1055 3524 signo,
1111 3434 1278 3528 quod
1335 3434 1396 3502 in
1447 3435 1703 3528 Coptica
1764 3434 2017 3528 quidem
2080 3435 2285 3525 lingua
2348 3435 2603 3506 inveniri

284 3629 294 3641 ·
350 3537 585 3608 dictum
635 3549 743 3608 est.
836 3540 963 3610 Sed
1001 3541 1130 3632 jam
1181 3540 1258 3610 ad
1305 3543 1571 3611 Sinicam
1619 3541 1970 3611 redeamus.

531 3647 745 3727 Quum
793 3647 1220 3716 inhaerentiae
1267 3647 1540 3717 rationes
1587 3648 1709 3716 sint
1753 3658 1881 3717 tres
1942 3649 2035 3716 vel
2098 3647 2262 3740 apud
2308 3647 2606 3718 Sinenses

348 3760 524 3843 certe
571 3761 895 3843 quattuor,
942 3751 1260 3844 adjectivi,
1309 3752 1568 3822 nominis
1618 3756 1677 3822 in
1728 3755 1977 3842 genitivi
2026 3777 2173 3823 casu
2212 3755 2429 3847 positi,
2487 3754 2604 3824 ad-

347 3855 562 3937 verbii,
609 3857 890 3949 subjecti,
936 3859 1205 3952 primum
1255 3869 1352 3927 est
1401 3858 1767 3938 notandum,
1816 3882 2031 3929 vocem
2072 3858 2149 3928 ‘ci
2185 3865 2251 3945 (1
2284 3867 2349 3945 e)
2382 3884 2607 3931 omnes

347 3984 529 4054 posse
578 3962 898 4034 denotare.
991 3963 1214 4036 Nam
1214 3977 1272 4034 οῖ
1320 3989 1390 4034 re
1438 3989 1581 4034 vera
1632 3975 1729 4035 est
1774 3989 2121 4058 pronomen
2157 3965 2605 4038 demonstrati-

349 4090 494 4137 vum
539 4091 611 4139 ac
655 4070 904 4163 proprie
949 4073 1186 4141 nullam
1235 4072 1529 4165 exprimit
1573 4073 1989 4162 categoriam:
2066 4071 2195 4142 Sed
2240 4072 2409 4174 quod
2457 4095 2604 4142 ver-

345 4172 571 4241 borum
619 4174 932 4292 dispositio
981 4178 1164 4270 plane
1214 4177 1469 4248 efficere
1519 4202 1641 4246 non
1694 4187 1929 4275 potest,
1971 4176 2049 4247 ‘ci
2093 4177 2366 4271 perficit,
2413 4201 2605 4272 quum

349 4302 518 4359 eum,
561 4280 668 4373 qui
717 4281 926 4351 audiat
969 4294 1078 4352 aut
1127 4285 1314 4375 legat,
1362 4287 1639 4364 moneat,
1686 4297 1757 4366 ut
1802 4307 1985 4353 voces
2031 4307 2193 4379 quae
2242 4294 2606 4354 antecesse-

347 4385 496 4463 rint,
567 4385 642 4455 ad
703 4411 896 4456 unum
957 4390 1452 4483 comprehendat
1514 4413 1655 4490 cum
1718 4391 2251 4486 sequentibusque
2311 4401 2605 4484 tanquam

349 4493 718 4563 attributum
765 4494 1134 4586 conjungat3
1180 4519 1378 4589 quum
1413 4519 1558 4567 vero
1589 4521 1777 4568 unam
1810 4501 2006 4569 solam
2038 4506 2337 4590 sequatur
2367 4519 2605 4579 vocem,
