3225 5259
1479 326 1560 390 15

387 521 582 610 wdny
625 516 1078 588 substantivum
1123 539 1265 588 esse
1309 526 1536 610 potest,
1585 527 1657 586 ut
1697 515 2081 609 respondeat
2108 517 2297 586 latino
2324 520 2639 609 reqimo‘ni.

392 627 614 719 ltaque
661 624 816 694 haec
861 633 1158 694 accentus
1205 622 1467 694 mutatio
1513 647 1639 692 non
1676 634 1773 693 est
1802 621 2223 716 comparanda
2254 646 2397 695 cum
2430 635 2641 697 nostra

387 731 690 801 vocalium
731 729 1081 810 mutatione
1127 729 1188 798 in
1235 730 1337 798 ich
1383 730 1572 799 binde
1613 739 1683 799 et
1726 731 1827 798 ich
1870 731 2067 810 band,
2112 732 2233 800 das
2263 731 2479 812 Bana,
2526 733 2639 804 sed

389 859 534 908 cum
557 840 752 915 Band
779 845 846 907 et
868 839 1088 917 Rund,
1135 836 1332 906 lichen
1379 846 1446 904 et
1491 837 1673 906 lobon
1706 841 1773 922 (a
1802 835 1937 906 rad.
1971 833 2125 922 lub‘)
2174 847 2415 907 etcum
2446 861 2639 930 grae-

387 944 476 1015 cis
521 939 714 1025 dpu'oew
760 953 828 1014 et
855 937 1100 1026 δμὶσπω
1133 949 1199 1028 (a
1221 939 1356 1010 rad.
1381 939 1533 1025 dri),
1565 936 1773 1021 σχίζω
1804 953 1873 1012 et
1900 936 2129 1022 σχάζω
2160 950 2229 1029 (a
2251 941 2442 1032 ‘'c’id),
2472 967 2639 1040 quae

385 1071 640 1143 semper
687 1049 814 1120 duo
861 1048 1048 1119 verba
1094 1059 1243 1118 sunt
1285 1046 1518 1118 habita.
1608 1048 1826 1142 Atque
1883 1047 2087 1118 adhuc
2142 1072 2333 1121 nemo
2381 1050 2637 1122 dubita·-

385 1155 491 1238 νὴ,
536 1157 684 1252 quin
727 1163 872 1225 ωὲη
900 1155 972 1243 (6
994 1159 1065 1249 q)
1113 1153 1334 1225 audire
1379 1163 1448 1224 et
1487 1159 1628 1224 wbn
1668 1157 1741 1240 (5
1765 1154 1828 1240 f)
1869 1177 2200 1249 quaerere,
2245 1179 2411 1252 qnae
2450 1160 2637 1252 plane

385 1259 612 1332 eodem
655 1261 844 1332 modo
890 1283 1014 1354 quo
1042 1267 1231 1352 ωᾰηρ
1261 1270 1328 1330 et
1355 1263 1548 1350 wdny
1591 1259 2054 1343 discernuntur,
2102 1261 2227 1332 duo
2270 1265 2397 1333 sint
2426 1264 2637 1335 verba.

385 1367 514 1438 Sed
543 1385 682 1438 ‘non
729 1369 938 1437 solum
979 1373 1167 1458 wfinq
1225 1377 1292 1436 et
1333 1369 1526 1456 wdnq
1580 1376 1729 1436 sunt
1784 1365 2193 1438 discernenda
2254 1379 2325 1439 ut
2376 1377 2516 1440 ιοὲη
2572 1382 2638 1440 et
2692 1361 2697 1365 ⁴

383 1479 543 1556 ωόη,
589 1473 704 1544 sed
751 1475 910 1544 haec
954 1475 1142 1544 etiam
1187 1476 1336 1542 stint
1381 1471 1819 1564 conjungenda
1861 1483 1933 1543 ut
1964 1473 2085 1544 illa.
2161 1477 2261 1544 Re
2292 1495 2439 1545 vera
2470 1478 2636 1547 enim

381 1587 522 1650 ωὲπ
567 1578 874 1671 significat
919 1601 1108 1650 aures
1154 1581 1416 1670 eriqere,
1461 1579 1675 1672 itaque
1722 1587 1789 1648 et
1834 1581 2063 1652 audire
2106 1591 2175 1651 et
2218 1582 2447 1652 audire
2487 1584 2640 1652 vello

386 1686 484 1756 vel
529 1709 849 1778 quaerere.
920 1686 1114 1770 Quod
1159 1707 1243 1755 ne
1289 1686 1426 1778 quis
1472 1684 1691 1754 credat
1734 1685 2021 1756 subtilius
2066 1686 2282 1773 fictum
2329 1687 2635 1781 altiusque

382 1790 684 1885 petitum,
728 1789 794 1859 id
839 1791 1028 1861 etiam
1077 1813 1526 1870 commemoro,
1569 1790 1833 1861 verbum
1882 1789 2031 1881 ti‘ny
2072 1795 2143 1880 (5
2166 1797 2235 1877 ο)
2282 1792 2635 1882 significare

381 1898 662 1968 silentem
707 1898 1092 1989 tacitumque
1135 1921 1265 1968 esse
1280 1948 1298 1979 ‚
1344 1896 1572 1966 deinde
1620 1905 1831 1966 autem
1878 1899 2270 1981 auscultare,
2318 1909 2385 1967 et
2428 1921 2633 1991 quac·-

379 2027 520 2073 νον-ο
561 2013 672 2074 aut
713 2005 868 2074 velle
909 2005 1273 2074 auscultare
1317 2003 1492 2090 (Schi
1539 2002 1693 2095 king
1738 2003 1823 2084 11,
1870 2007 1934 2086 4,
1983 2007 2135 2090 10.).

553 2112 658 2179 Ex
702 2133 828 2205 quo
873 2119 1068 2204 patet,
1112 2117 1442 2180 accentum
1488 2107 1637 2178 nihil
1684 2111 1975 2180 conferre
2024 2109 2100 2180 ad
2132 2111 2478 2201 categorias
2511 2135 2632 2181 ex·-

380 2214 735 2308 ponendas‘,
782 2215 894 2285 sed
941 2217 1220 2308 linguam
1267 2215 1570 2296 Sinicam‚
1628 2216 1907 2309 quamvis
1951 2218 2301 2287 sententiae
2349 2217 2633 2288 membra

377 2322 498 2391 alio
529 2321 720 2391 modo
751 2320 1116 2412 distinguat,
1159 2331 1230 2390 ut
1259 2321 1418 2393 infra
1448 2320 1995 2401 demonstrabitur,
2040 2322 2497 2416 quodammodo
2528 2334 2631 2394 ta-

378 2451 522 2498 men
571 2428 634 2498 in
682 2450 762 2497 eo
809 2427 1056 2518 linguae
1103 2427 1408 2497 colendae
1467 2427 1668 2518 gradu
1714 2425 2099 2510 constitisse,
2154 2451 2279 2523 quo
2326 2431 2629 2500 enuncia-

378 2533 563 2603 tionis
609 2533 920 2602 elementa
969 2532 1243 2603 nondum
1290 2535 1414 2604 sint
1465 2533 1775 2616 distincta,
1822 2543 1889 2603 et
1940 2534 2025 2603 ita
2080 2534 2249 2628 loqui
2312 2536 2629 2616 Sinenses,

379 2647 450 2709 ut
494 2661 598 2708 res
629 2649 854 2709 vocent
883 2640 978 2708 vel
1025 2639 1484 2722 demonstrent,
1528 2661 1653 2732 qua
1700 2641 2023 2710 vocatione
2056 2642 2151 2710 vel
2200 2643 2629 2713 nominatione

380 2745 736 2816 enunciatio
783 2745 1076 2838 implicite
1123 2746 1494 2816 continetur.
2592 2807 2599 2811 ,

553 2852 682 2922 Sed
730 2852 958 2922 mentis
1002 2851 1315 2923 humanae
1374 2861 1504 2933 est,
1565 2853 1903 2945 composita
1960 2876 2034 2922 ac
2090 2853 2345 2922 confusa
2403 2853 2629 2923 distin-

377 2979 612 3048 gnere,
669 2967 737 3027 et
779 2957 1166 3040 sententiae,
1219 2981 1383 3052 quae
1427 2967 1572 3053 apte
1620 2958 2191 3052 convenienterque
2251 2961 2627 3053 proseratur,

379 3063 692 3133 elementa
739 3063 946 3154 logice
991 3062 1424 3133 discernantur
1466 3087 1729 3134 necesse
1761 3075 1877 3144 est,
1926 3073 2117 3157 atque
2149 3064 2279 3157 ipsa
2313 3067 2625 3136 elementa

375 3169 637 3260 singulis
682 3169 942 3240 vocibus
989 3182 1056 3241 et
1099 3169 1342 3261 logicae
1389 3191 1610 3240 eorum
1666 3170 1941 3240 rationes
1986 3191 2210 3239 vocum
2268 3171 2627 3243 inflectione

377 3275 824 3366 designentur,
881 3299 1066 3346 voces
1122 3275 1198 3346 ad
1259 3277 1607 3367 categorias
1656 3275 2091 3369 disponantur,
2148 3276 2627 3374 formenturque

377 3392 586 3475 partes
631 3384 949 3454 orati-onis.
1028 3383 1098 3450 ln
1147 3405 1272 3476 quo
1317 3381 1569 3475 quidem
1614 3383 1985 3476 populorum
2034 3381 2277 3452 animus
2322 3407 2625 3479 persaepe

375 3511 410 3557 a
469 3511 619 3559 vera
673 3490 766 3558 via
823 3487 1145 3559 aberravit.
1238 3489 1397 3558 Nam
1455 3509 1761 3583 persaepe
1817 3488 2253 3580 distinguenda
2324 3491 2623 3571 confudit,

376 3593 656 3665 distinxit
701 3593 1164 3687 conjungenda;
1207 3595 1270 3663 in
1317 3594 1508 3666 rebus
1551 3595 1993 3664 minutioribus
2041 3595 2375 3666 maximam
2422 3599 2625 3666 collo-

376 3700 537 3769 cavit
579 3722 856 3794 operam,
904 3700 1190 3790 neglexit
1235 3701 1608 3780 necessaria;
1655 3722 1959 3794 persaepe
2002 3701 2167 3771 falsis
2196 3723 2345 3771 usus
2377 3713 2473 3773 est
2504 3703 2626 3772 ad·-

383 3807 680 3888 umentis,
731 3805 962 3876 abusus
1005 3807 1212 3878 rectis.
1290 3810 1448 3877 Nam
1497 3808 1558 3876 hi
1607 3829 1855 3877 errores
1900 3808 2066 3877 inter
2111 3831 2181 3877 se
2214 3807 2507 3889 afferunt,
2554 3821 2623 3878 ut

374 3914 475 3984 vix
521 3913 736 3985 dicere
778 3913 993 4006 possis,
1039 3915 1146 4008 qui
1193 3935 1276 3982 ex
1319 3914 1396 3983 iis
1438 3914 1636 4006 prima
1683 3913 1873 3984 fuerit
1900 3914 2161 3984 aliorum
2194 3935 2400 3983 causa.
2476 3918 2621 3984 Pri-

375 4039 514 4088 mus
559 4032 790 4100 autem‚
837 4019 940 4113 qui
989 4021 1048 4089 in
1097 4019 1306 4111 lingua
1355 4018 1624 4090 creanda
1670 4043 1705 4088 a
1738 4030 1951 4089 mente
1984 4019 2389 4091 committitur
2421 4043 2621 4101 error,

376 4124 470 4194 sui
516 4125 588 4195 fit
622 4127 813 4218 juris,
858 4125 1098 4221 ipsique
1141 4128 1352 4196 animo
1399 4124 1721 4219 objicitur,
1780 4137 1968 4219 atque
2024 4126 2433 4208 adulterium,
2490 4149 2621 4220 quo

375 4233 508 4326 ipse
555 4241 736 4301 natus
781 4242 899 4312 est,
945 4256 1024 4302 eo
1069 4234 1402 4316 ulciscitur,
1447 4233 1619 4327 quod
1666 4233 1943 4304 animum
1989 4231 2225 4304 inducit
2268 4232 2345 4303 ad
2378 4233 2497 4304 alia
2527 4237 2619 4303 si·-

375 4337 536 4408 milia
583 4337 734 4408 false
781 4337 1064 4410 creanda.
1136 4341 1356 4436 ltaque
1401 4361 1582 4410 mens
1626 4340 1743 4433 ipsi
1788 4337 1903 4410 sibi
1935 4338 2175 4412 uincula
2220 4338 2424 4430 injicit,
2470 4341 2619 4435 qui·-
