3225 5259
1520 315 1757 411 ιιο

579 507 738 578 chosi
777 505 1044 601 quadam
1091 505 1342 580 effecta.
1409 507 1596 590 Quae
1642 505 2211 600 comprehendendi
2255 507 2363 590 vis,
2408 531 2447 579 e
2490 509 2667 601 cujus
2708 507 2825 580 lir-

577 615 796 686 mitate
861 635 936 684 ac
1001 612 1230 684 robore
1297 622 1407 682 aut
1471 611 1793 684 debilitate
1862 611 2411 708 imbecillitateque
2474 614 2825 704 linguarum

577 719 816 813 pendet
860 719 1238 813 praestantia
1281 729 1394 789 aut
1438 719 1681 802 vitium,
1741 721 1803 790 in
1862 720 2075 813 quavis
2118 742 2421 792 sonorum
2466 731 2535 794 et
2578 719 2823 810 signifi·
2902 743 2909 750 ·

577 825 836 897 cationis
879 825 1315 918 conjunctione
1361 824 1669 905 cernitur3
1726 824 1955 896 deinde
2000 836 2211 898 autem
2256 826 2319 896 in
2366 827 2825 917 categoriarum

577 932 674 1002 vel
722 931 1018 1002 orationis
1063 931 1334 1024 partium
1379 929 1570 1022 signis
1614 931 1930 1004 radicibus
1974 931 2198 1013 affixis,
2242 931 2465 1026 quibus
2494 931 2824 1004 notionem

577 1037 890 1131 exprimas
934 1036 1140 1130 aliquo
1185 1037 1699 1130 comprehensam
1746 1060 2017 1128 genere,
2074 1049 2149 1108 ut
2190 1038 2605 1120 substantiae,
2660 1060 2823 1134 qua-

577 1144 776 1216 litatis.
867 1144 1146 1216 Maxime
1193 1165 1338 1212 vero
1385 1143 1550 1214 illam
1597 1145 2005 1238 syntbeticam
2064 1146 2185 1216 vim
2240 1147 2303 1216 in
2360 1145 2823 1218 enunciationie·

577 1248 692 1320 bus
738 1249 1234 1331 animadvertere
1269 1271 1597 1342 possumus
1630 1250 1987 1332 formandis,
2034 1253 2095 1320 in
2130 1251 2357 1345 quibus
2387 1253 2569 1324 unice
2600 1260 2825 1341 regnat

576 1355 872 1438 verbum,
941 1355 1114 1450 quod
1169 1355 1522 1426 sententiae
1575 1356 1871 1428 articulos
1926 1357 2335 1452 membraque
2394 1358 2825 1451 amplectatur.

575 1463 740 1532 Cum
785 1460 980 1534 verbo
1024 1469 1238 1534 autem
1283 1461 1503 1534 intime
1547 1462 1895 1534 cohaerent
1937 1464 2407 1558 arctissimeque
2434 1461 2824 1556 pronomina,

577 1575 820 1661 utpote.
851 1567 1080 1662 quibus
1135 1569 1286 1638 solis
1351 1589 1536 1638 voces
1603 1568 1954 1639 formantur
2011 1581 2081 1640 et
2144 1571 2509 1642 sententiae.
2603 1571 2826 1662 ltaque

575 1698 768 1771 quum
816 1674 1076 1746 verbum
1121 1675 1207 1746 sit
1252 1676 1606 1746 formarum.
1638 1697 1823 1746 causa
1868 1698 1943 1746 ac
1987 1687 2283 1770 tanquam
2326 1687 2538 1748 rector
2584 1686 2651 1746 et
2680 1697 2824 1746 rno-

573 1781 848 1860 derator.
893 1803 1238 1874 pronomen
1285 1791 1384 1852 est
1427 1781 1713 1862 materia,
1758 1805 1881 1874 qua
1926 1781 2075 1853 illud
2124 1795 2191 1852 et
2230 1783 2377 1854 alias
2406 1804 2593 1852 voces
2623 1782 2824 1852 forma

573 1887 766 1960 afficit
809 1896 877 1959 et
921 1910 990 1958 se
1035 1888 1240 1982 ipsum
1287 1897 1354 1958 et
1395 1897 1560 1958 totas
1603 1886 1967 1958 sententias,

750 1997 840 2064 At
891 2017 1085 2088 quum
1155 2015 1406 2086 semper
1473 1995 1714 2064 formae
1780 1993 1951 2064 notio
2020 1993 2281 2064 difficilis
2348 1995 2431 2066 sit
2496 2003 2825 2086 perceptu,

572 2100 720 2196 quid
763 2099 932 2194 apud
977 2121 1094 2169 nos
1138 2099 1337 2170 forma
1392 2099 1592 2170 valeat
1647 2097 1933 2169 distincte
1990 2098 2267 2172 dieamus
2324 2123 2583 2172 necesse
2643 2098 2824 2172 vide-

573 2218 696 2278 tur.
789 2209 886 2277 Ac
941 2206 1291 2299 quaeritur,
1347 2228 1471 2299 qua
1528 2205 1801 2287 ratione,
1856 2195 2068 2299 quum'
2104 2215 2236 2274 tota
2293 2206 2505 2297 lingua
2561 2228 2687 2278 non
2743 2204 2826 2276 sit

575 2313 688 2384 nisi
733 2313 961 2394 forma,
1017 2321 1192 2382 certa
1239 2310 1546 2405 quaedam
1594 2311 1731 2401 ejus
1778 2311 2089 2382 elementa
2148 2313 2484 2386 materialia
2530 2311 2824 2382 nomine-

570 2443 734 2500 mus,
779 2419 900 2490 alia
944 2417 1270 2488 formalia?
1317 2419 1526 2500 Quam
1571 2417 1651 2486 ad
1695 2419 2123 2511 quaestionem
2168 2420 2541 2513 plerumque
2585 2420 2669 2490 ita
2708 2439 2823 2490 re-

573 2523 917 2620 spondent,
959 2530 1056 2595 ut'
1076 2523 1316 2606 dicant,
1373 2547 1568 2618 quum
1613 2524 1867 2616 linguae
1910 2523 2146 2618 duplex
2190 2526 2503 2619 quoddam
2548 2525 2629 2600 sit
2670 2547 2823 2618 pro·-

573 2633 842 2725 positum
885 2631 1156 2702 indicare
1203 2641 1272 2700 et
1314 2631 1476 2725 ipsas
1520 2654 1625 2702 res
1671 2629 2213 2725 cogitationesque
2274 2641 2340 2702 et
2396 2653 2617 2702 earum
2658 2630 2823 2700 inter

573 2763 644 2809 se
689 2738 996 2812 rationes:
1041 2759 1264 2808 omnes
1290 2760 1474 2808 voees
1520 2749 1588 2808 et
1630 2735 1909 2830 syllabas,
1952 2737 2181 2830 quibus
2226 2737 2428 2832 aliqua
2471 2758 2687 2808 rerum
2716 2736 2822 2806 in-

570 2855 673 2916 ter
717 2867 788 2914 se
832 2844 992 2914 ratio
1023 2844 1432 2937 exprimatur,
1475 2842 1617 2910 xar’
1650 2837 1897 2925 ἕξοχήν
1940 2843 2129 2936 partis
2159 2841 2519 2925 materialis,
2562 2863 2686 2936 qua
2718 2863 2822 2916 res

573 2949 991 3030 nominentur,
1037 2948 1418 3021 constituere
1463 2950 1747 3021 formam.
1836 2950 2054 3034 Quare
2099 2973 2475 3042 pronomen,
2518 2971 2717 3044 quum
2760 2948 2819 3021 in

571 3067 789 3151 aperto
835 3055 914 3126 sit
957 3079 1098 3126 eam
1147 3078 1286 3127 esse
1333 3077 1550 3126 vocem
1569 3109 1586 3138 ‚
1645 3077 1769 3149 qua
1824 3078 1929 3126 res
1974 3066 2085 3126 aut
2126 3057 2297 3149 quod
2340 3056 2421 3126 ad
2465 3079 2603 3127 rem
2647 3055 2822 3126 refe·-

571 3173 748 3234 ratur
791 3184 918 3232 non
965 3162 1179 3234 habita
1223 3162 1468 3234 ratione
1513 3183 1701 3232 verae
1746 3162 1929 3254 hujus
1957 3161 2043 3232 vis
2086 3185 2159 3233 ac
2190 3171 2474 3244 naturae,
2520 3160 2633 3233 sed
2664 3183 2820 3232 con·-

571 3269 805 3341 dilione
851 3293 964 3342 sua
1009 3276 1302 3362 statuque
1347 3267 1715 3359 designetur
1760 3267 2358 3364 demonstreturque
2404 3267 2642 3360 potius,
2696 3267 2820 3338 mi-

571 3377 739 3448 nime
783 3376 1038 3470 proprie
1085 3376 1476 3456 nominetur,
1535 3396 1705 3444 nune
1756 3372 2009 3468 quidem
2065 3375 2225 3468 parti
2279 3373 2533 3465 linguae
2579 3373 2819 3445 formali

568 3492 1040 3557 annumeratur.
1142 3484 1216 3552 In
1275 3505 1403 3576 quo
1457 3479 1715 3575 quidem
1784 3501 1925 3552 esse
1994 3479 2141 3573 quid
2199 3479 2332 3550 veri
2387 3501 2514 3550 non
2573 3501 2820 3570 negem,

569 3591 702 3664 Sed
748 3593 1015 3662 fortasse
1059 3613 1164 3660 res
1209 3588 1494 3660 subtilius
1537 3588 1729 3660 etiam
1776 3595 1874 3658 est
1918 3582 2290 3656 definienda.
2383 3587 2571 3668 Quae
2626 3608 2820 3680 quum

571 3723 687 3794 per
731 3721 802 3770 se
847 3698 909 3768 in
955 3696 1312 3788 linguarum
1353 3693 1673 3788 disciplina
1726 3693 1805 3763 sit
1864 3691 2221 3784 gravissima
2279 3702 2345 3764 et
2396 3690 2474 3763 ad
2534 3703 2819 3766 nostrum

571 3803 886 3898 pertineat
929 3801 1340 3896 propositum,
1385 3800 1488 3872 hic
1532 3798 1715 3870 latius
1758 3822 1797 3870 a
1840 3797 2017 3870 nobis
2060 3808 2381 3870 tractetur.

747 3909 963 4004 Atque
1009 3909 1324 4003 equidem,
1369 3918 1441 3979 ut
1484 3907 1751 4001 primum
1780 3907 2139 4000 opinionem
2178 3904 2380 3988 istam,
2424 3903 2631 3976 omnia
2662 3925 2819 3998 pro-

573 4015 824 4086 nomina
867 4036 1053 4086 voces
1099 4037 1238 4085 esse
1283 4014 1604 4096 formales,
1648 4014 1923 4084 refutem
1936 4064 1955 4095 ,
2000 4013 2125 4083 no‘n
2170 4010 2351 4082 video
2365 4061 2387 4091 ,
2432 4033 2545 4082 cur
2590 4009 2819 4104 lingua,

413 4127 505 4191 'w
569 4145 768 4218 quum
811 4122 872 4192 in
919 4121 1292 4194 universum·
1321 4117 1434 4203 rei
1467 4120 1554 4191 ita
1598 4119 1865 4202 indicet,
1922 4129 1996 4190 ut
2038 4115 2291 4214 aliquod
2335 4117 2617 4208 signum,
2662 4141 2819 4212 qua-

572 4229 812 4301 litatem
826 4281 845 4312 ,
901 4229 1207 4299 actionem
1261 4228 1534 4299 maxime
1591 4225 1657 4296 in
1714 4249 1793 4296 ea
1847 4225 2236 4320 perspicuam
2296 4223 2637 4318 exprimat,
2692 4243 2815 4292 non

453 4403 466 4418 f
510 4386 516 4399 .
570 4335 654 4405 ita
683 4358 954 4440 ‘quoque
997 4333 1102 4421 rel
1148 4334 1468 4407 nominare
1513 4332 1742 4429 possit,
1791 4342 1863 4405 ut
1906 4331 2171 4426 aliquam
2218 4333 2353 4425 ejus
2396 4329 2817 4403 conditionem
