3225 5259
1686 291 1771 359 22

606 465 1068 597 angustioribus
1125 486 1651 579 circumscriptam
1708 484 1935 554 finibus
1996 486 2318 580 magisque
2376 484 2857 555 determinatam

607 570 686 663 ad
733 615 927 661 unum
973 594 1179 663 solum
1225 592 1576 662 sententiae
1626 593 2041 673 elementum,
2088 591 2471 685 subjectum,
2529 590 2855 683 praedica-

605 706 740 767 tum
787 698 1056 793 denique
1101 698 1414 791 objectum
1447 697 1915 789 significandum
1948 698 2355 768 constituisse.
2426 697 2617 766 Simili
2646 696 2856 778 modo,

607 827 803 899 quum
839 806 1092 875 omnino
1123 804 1348 874 mentis
1379 805 1692 874 humanae
1721 806 1799 873 sit
1830 804 2237 875 discernenda
2270 804 2648 884 discernere,
2696 824 2857 898 quae

609 911 819 980 denuo
865 912 1223 1003 conjungat,
1271 912 1600 981 ulteriores
1650 933 1921 1004 quoque,
1968 935 2129 1006 quos
2160 934 2337 981 mens
2366 912 2427 979 in
2461 912 2673 1001 lingua
2706 932 2858 1003 pro-

495 1111 500 1115 *
606 1018 878 1088 creanda
914 1020 1182 1099 fecerat,
1229 1040 1600 1111 progressus
1645 1017 1704 1084 in
1752 1039 1909 1086 nova
1943 1018 2345 1111 positierant
2377 1027 2443 1087 et
2472 1016 2858 1086 distinctione

605 1134 674 1193 et
719 1122 1156 1217 conjunctione
1197 1124 1374 1194 simul
1423 1125 1603 1205 facta,
1651 1148 1723 1192 ac
1753 1126 2037 1216 proxime
2072 1124 2133 1193 in
2170 1148 2246 1194 eo
2282 1134 2644 1204 cernuntur,
2690 1121 2859 1216 quod

609 1251 764 1325 quas
811 1232 1222 1323 cogitationes
1269 1231 1517 1324 saepius
1579 1240 1877 1324 tanquam
1925 1230 2277 1322 subjectum
2326 1239 2392 1300 et
2434 1223 2859 1324 praedicatum

605 1360 731 1408 una
781 1339 1084 1433 junxerat
1139 1336 1735 1431 comprehensione,
1798 1358 1903 1405 eas
1964 1338 2239 1432 quamvis
2296 1336 2415 1406 hac
2472 1336 2861 1431 copulatione

609 1444 849 1513 sublata
909 1446 1137 1515 arctius
1195 1454 1402 1515 tamen
1477 1443 1687 1513 denuo
1758 1444 2245 1535 comprehensas
2313 1453 2608 1537 tanquam
2677 1465 2863 1511 unam

541 1598 550 1607 ·
610 1550 829 1620 sumsit
874 1552 1314 1641 cogitationem
1361 1550 1437 1627 ad
1486 1572 1833 1643 novamque
1880 1572 2024 1618 cum
2072 1549 2197 1619 aliis
2238 1549 2446 1641 junxit
2490 1551 2863 1620 sententiam

611 1656 1130 1727 constituendam.
1225 1658 1469 1752 Itaque,
1516 1666 1588 1724 ut
1635 1656 2039 1747 grammatice
2086 1656 2395 1737 dicamus,
2440 1656 2655 1738 radix,
2702 1678 2865 1751 quae

607 1770 808 1833 totam
854 1763 1145 1834 describit
1191 1762 1448 1833 actionis
1493 1763 1590 1831 vel
1638 1771 1837 1832 status
1884 1763 2253 1854 imaginem,
2300 1763 2570 1856 primum
2614 1762 2866 1857 quidem

603 1868 668 1936 in
717 1870 1067 1961 subjectum
1113 1879 1179 1938 et
1223 1869 1649 1962 praedicatum
1696 1869 1791 1937 vel
1840 1868 2290 1939 substantivum
2350 1879 2417 1939 et
2461 1867 2721 1939 verbum
2766 1866 2885 1936 di-‘

610 1970 869 2055 labitur,
929 1982 1061 2043 tum
1111 1982 1322 2043 autem
1383 1975 1573 2055 haec,
1632 1974 1901 2044 sublata
1932 1977 2102 2047 verbi
2152 1975 2586 2070 copulatione,
2636 1974 2868 2043 iterum

610 2080 953 2152 arctissime
1001 2080 1078 2151 ad
1127 2104 1315 2149 unam
1365 2082 1805 2171 cogitationem
1856 2078 2475 2175 comprehenduntur
2530 2089 2719 2175 atque
2780 2068 2865 2150 ita

609 2187 1069 2279 exprimuntur,
1125 2194 1196 2256 ut
1240 2188 1458 2258 intime
1505 2188 1668 2257 inter
1726 2209 1794 2258 se
1843 2188 2261 2271 cohaereant,
2320 2210 2395 2255 ac
2438 2187 2866 2280 praedicatum

609 2292 722 2361 fiat
765 2294 1156 2364 attributum.
1229 2296 1373 2378 Qua
1423 2296 1776 2365 attributiva
1823 2317 2009 2389 quam
2059 2292 2273 2382 dicunt
2302 2295 2867 2387 comprehensione

611 2398 961 2467 restituitur
1004 2401 1202 2493 prima
1241 2401 1344 2470 illa
1380 2401 1669 2492 imaginis
1715 2402 1953 2482 unitas;
1998 2408 2273 2469 attamen
2306 2400 2486 2482 hanc,
2518 2424 2713 2494 quum
2736 2400 2868 2493 jam

616 2512 788 2573 esset
831 2510 1017 2574 antea
1063 2508 1122 2576 in
1173 2507 1488 2577 elementa
1535 2532 1648 2577 sua
1696 2508 1887 2577 divisa
1934 2530 1971 2575 a
2015 2514 2356 2600 menteque
2402 2507 2695 2583 subacta,
2752 2508 2871 2576 hac

612 2611 1006 2682 restitutione
1074 2614 1271 2705 magis
1343 2615 1530 2683 etiam
1597 2614 1825 2683 mentis
1896 2614 2187 2705 potestati
2259 2609 2604 2703 subjectam
2674 2622 2867 2705 patet.

617 2719 918 2801 Quamvis
967 2720 1157 2810 igitur
1192 2720 1381 2790 'nobis
1429 2719 1715 2789 videatur
1761 2719 2117 2787 facillimum
2166 2717 2371 2787 dictu:
2419 2721 2531 2787 der
2558 2732 2704 2809 queo
2738 2721 2868 2789 Va-
2906 2790 2911 2795 ,

613 2836 734 2905 ter,
793 2830 968 2893 tanta
1011 2836 1222 2895 tamen
1280 2825 1360 2894 ad
1419 2827 1537 2896 hoc
1591 2824 1933 2920 requiritur
1990 2824 2177 2894 animi
2234 2823 2297 2893 in
2356 2824 2749 2895 secernendo
2796 2848 2871 2895 ac

617 2932 1210 3024 comprehendendo
1257 2932 1362 3013 vis,
1409 2940 1480 3001 ut
1525 2933 1800 3002 nesciam
1836 2956 1913 3000 an
1961 2932 2184 3001 multas
2232 2931 2477 3022 linguas
2522 2930 2869 3001 rectissime

615 3036 988 3107 contendam
1035 3038 1096 3107 id
1143 3061 1214 3107 re
1259 3060 1406 3107 vera
1455 3063 1578 3107 non
1629 3046 2070 3132 consequutas.

791 3146 886 3213 Ac
931 3144 1200 3238 primum
1260 3144 1510 3239 quidem
1569 3144 1782 3235 lingua
1828 3144 2152 3235 Japom’ca
2211 3143 2313 3211 hic
2366 3144 2872 3215 consideratione

603 3247 805 3341 digna
852 3260 980 3333 est,
1039 3273 1204 3346 quae
1265 3274 1452 3321 omne
1511 3251 1881 3320 attributum
1936 3258 2068 3318 tota
2127 3250 2567 3320 enunciatione
2612 3251 2871 3320 relativa

617 3355 1131 3427 circumscribere
1175 3357 1480 3426 videatur.
1573 3359 1735 3427 Nam
1790 3358 1949 3427 haec
2008 3358 2259 3446 lingua,
2314 3356 2571 3425 minime
2620 3357 2871 3426 Sinicae

617 3482 736 3531 nec
782 3463 952 3556 quod
997 3462 1188 3532 sciam
1237 3462 1528 3557 cuiquam
1583 3463 1685 3533 alii
1746 3487 1828 3533 ex
1887 3462 2176 3532 omnibus
2235 3471 2642 3557 quotcunque
2701 3462 2873 3532 docti

616 3565 728 3635 virl
774 3566 961 3639 hodie
1007 3570 1292 3638 noverint
1337 3568 1566 3659 linguis
1613 3579 1913 3661 cognata,
1972 3570 2236 3639 classem
2280 3568 2473 3638 habet
2516 3570 2873 3649 verborum,

617 3696 782 3766 quae
829 3673 1129 3765 adjectiva
1189 3674 1456 3743 verbalia
1515 3676 1866 3759 nominant,
1922 3699 2119 3771 quum
2175 3675 2540 3770 qualitatem
2600 3698 2637 3743 a
2683 3674 2872 3744 rebus

617 3794 744 3847 non
787 3779 1170 3849 abstractam
1217 3780 1330 3850 sed
1377 3804 1518 3850 cum
1567 3782 1875 3851 existendi
1935 3784 2188 3852 notione
2236 3782 2632 3873 conjunctam
2678 3780 2871 3870 signi-

619 3883 832 3967 ficent,
879 3892 952 3955 ut
993 3901 1118 3955 vox
1163 3887 1384 3956 latina:
1444 3888 1800 3978 splendere,
1860 3898 2141 3959 nostrum
2186 3889 2465 3977 qlc'inzcn
2523 3886 2658 3955 sere
2706 3884 2874 3955 idem

621 3997 719 4061 est
776 4000 852 4059 ac
909 3994 1308 4083 splendidum
1355 4018 1500 4063 esse.
1590 3997 1987 4087 Japonenses
2044 3993 2211 4063 enim
2269 3992 2633 4085 qualitatem
2689 3993 2875 4063 alicui

621 4096 716 4165 rei
765 4096 1193 4168 inhaerentem
1243 4100 1623 4191 cogitabant.
1702 4101 1923 4182 Quare
1970 4112 2347 4194 quamquam
2392 4097 2587 4168 verbo
2634 4120 2874 4169 meram

497 4220 503 4225 ·
609 4200 912 4295 ‘adjectivi
957 4203 1214 4299 stirpem
1261 4214 1332 4275 ut
1373 4204 1737 4274 adverbium
1784 4205 2041 4288 addunt,
2086 4214 2299 4274 tamen
2348 4204 2637 4289 eandem,
2684 4224 2874 4299 quum

635 4308 1020 4379 substantivo
1065 4314 1427 4393 attribuant,
1474 4312 1700 4382 suffixo
1748 4316 1803 4382 si
1846 4316 1918 4400 (8
1939 4316 2029 4401 m)
2074 4312 2379 4396 vestiunt,
2424 4310 2592 4407 quod
2634 4309 2877 4401 signifi-

624 4421 722 4487 cat
761 4418 977 4499 facere
1021 4426 1087 4487 et
1131 4437 1274 4491 case.
1349 4419 1572 4495 Quare
1599 4415 1833 4487 ‘dicunt
1876 4440 1991 4510 pro
2039 4418 2200 4489 altus
2244 4440 2425 4490 mons
2454 4415 2664 4488 takasi
2679 4415 2721 4509 j
2724 4437 2896 4487 ama·
