3225 5259
1658 249 1661 252 ’
1694 247 1780 316 32

610 463 798 512 voces
843 461 1004 524 esse,
1049 461 1204 536 quas
1248 439 1465 512 dicunt
1507 463 1747 510 vacuas
1780 441 1923 528 (hia
1952 440 2076 530 cy),
2122 439 2375 534 propria
2420 463 2495 510 ac
2539 439 2899 532 principali

611 549 796 640 hujus
843 547 1012 618 verbi
1060 546 1544 638 significatione,
1599 548 1683 616 ita
1742 555 1815 616 ut
1856 546 2320 638 interjectiones
2366 547 2490 615 sint
2534 546 2700 614 inter
2746 567 2905 614 vo·-

615 675 722 724 ces
766 654 1200 747 interpositae,
1261 653 1470 722 nescio
1527 677 1606 724 an
1662 653 2007 724 rectissime
2056 652 2449 723 contendam.
2541 655 2736 733 Nam,
2803 661 2903 720 ut

615 759 1424 854 Humboldtiuspraeclare
1481 758 1560 828 de
1607 755 1693 828 ‘ci
1738 760 2217 842 demonstravit,
2274 759 2409 828 illas
2468 761 2657 829 etiam
2703 782 2895 828 con-

613 865 808 935 tendo
857 889 961 936 eas
1007 890 1198 958 agere
1243 876 1472 960 partes,
1520 875 1592 935 ut
1638 866 1879 936 animos
1927 864 2312 935 audientium
2346 865 2424 934 ad
2454 889 2674 936 vocum
2704 888 2893 934 con-

615 973 1022 1042 structionem
1069 983 1248 1043 recte
1291 971 1753 1066 percipiendam
1801 971 2087 1063 dirigant.
2176 975 2446 1043 Monent
2488 973 2701 1064 igitur,
2745 995 2892 1040 vo-

617 1102 761 1164 cum
808 1079 1310 1171 conjunctionem
1355 1079 1479 1148 illic
1523 1078 1705 1148 aliter
1752 1101 1891 1149 esse
1940 1077 2393 1148 conficiendam
2438 1087 2629 1172 atque
2662 1087 2887 1156 antea,

618 1185 1196 1279 enunciationisque
1252 1194 1540 1254 tenorem
1595 1184 1803 1255 incidi.
1904 1186 2177 1254 Nostrae
2245 1184 2735 1278 praepositiones
2810 1193 2889 1252 et

623 1313 882 1365 casuum
929 1293 1134 1362 exitus
1179 1302 1458 1362 mentem
1503 1289 1580 1360 ad
1630 1302 1867 1362 certam
1912 1291 2386 1360 constructionis
2432 1290 2591 1360 viam
2638 1311 2711 1358 ac
2754 1313 2881 1358 ra-

617 1398 858 1467 tionem
915 1409 1162 1489 regunt.
1252 1397 1380 1467 Sed
1441 1397 1730 1468 Sinarum
1787 1395 2255 1487 interjectiones
2322 1420 2543 1468 vocum
2616 1419 2883 1466 cursum

620 1501 872 1597 quidem
919 1503 1166 1574 deflecti
1215 1503 1568 1583 enunciant,
1618 1501 1731 1572 sed
1774 1500 2303 1596 quemadmodum
2347 1502 2696 1573 inflectatur
2738 1526 2881 1572 non

480 1605 488 1611 ’
620 1610 794 1678 item.
862 1610 1086 1704 ltaque
1116 1609 1243 1702 ju&
1287 1607 1406 1679 c’in
1449 1611 1522 1696 (3
1545 1633 1591 1683 s.
1624 1614 1679 1694 t)
1709 1641 1795 1668 ===
1826 1611 2359 1704 laetitia-afficere
2390 1623 2697 1700 coquatos
2740 1632 2881 1678 non

621 1723 720 1784 est
765 1714 1080 1786 diversum
1125 1741 1158 1786 a
1191 1716 1319 1808 ju&
1347 1717 1436 1809 jz'c
1481 1714 1598 1785 c'in
1646 1717 1716 1800 (3
1738 1714 1827 1801 k);
1859 1715 1949 1806 ij
1994 1726 2207 1784 autem
2251 1725 2487 1798 monet,
2534 1739 2614 1785 ne
2659 1727 2883 1786 verta-

620 1844 790 1890 mus:
837 1823 1076 1892 laetitia
1107 1838 1162 1893 et
1192 1824 1468 1914 coquati,
1518 1845 1667 1891 nec:
1718 1823 2205 1917 laetitia-affecti
2234 1822 2523 1913 cognati,-
2566 1822 2679 1892 sed
2712 1822 2883 1894 sub-

623 1925 1028 1997 ordinationis
1074 1938 1145 1998 ut
1189 1927 1404 1996 dicunt
1451 1949 1590 1996 esse
1637 1926 1803 1996 inter
1848 1927 2005 1996 haec
2037 1926 2223 1997 verba
2254 1929 2576 1998 rationem.
2648 1931 2881 2024 ltaque

609 2033 698 2125 ja
741 2033 892 2103 nihil
939 2033 1242 2126 significat
1288 2041 1354 2102 et
1399 2055 1619 2103 vocum
1667 2032 2052 2102 collocationi
2104 2043 2207 2102 est
2244 2033 2497 2116 auxilio,
2544 2059 2617 2104 ac
2659 2036 2879 2126 lingua

625 2139 830 2208 Sinica
875 2164 1068 2233 quum
1117 2162 1193 2210 ea
1237 2137 1663 2232 similibusque
1696 2137 1949 2208 vocibus
1996 2147 2228 2219 utatur,
2274 2140 2531 2208 omnino
2562 2141 2677 2210 sibi
2710 2165 2877 2211 con-

623 2255 749 2316 stat
793 2247 1150 2339 nullamque
1197 2245 1652 2328 circumscribit
1694 2245 2097 2340 categoriam.
2192 2246 2443 2328 Quare,
2500 2271 2693 2341 quum
2750 2249 2875 2317 hae

624 2374 812 2422 voces
857 2353 1112 2444 proprie
1159 2349 1726 2442 nihil-significent,
1774 2351 1981 2422 mirari
2014 2376 2135 2422 non
2167 2376 2516 2445 possumus,
2564 2377 2669 2423 eas
2712 2377 2873 2422 con-

625 2457 809 2530 traria
877 2457 1184 2526 denotare
1252 2445 1474 2552 posse,
1526 2457 1943 2528 accusativum
2002 2468 2281 2528 nostrum
2352 2470 2418 2529 et
2478 2459 2749 2529 dativum
2808 2472 2875 2530 et

624 2564 993 2644 ablativum,
1050 2562 1224 2634 brevi
1278 2587 1464 2633 omne
1522 2563 1855 2657 objectum.
1948 2567 2167 2656 ltaque
2208 2565 2297 2655 ja
2352 2568 2423 2650 (3
2444 2565 2511 2650 k)
2572 2566 2874 2658 significat

628 2669 1076 2749 accusativum,
1125 2659 1227 2752 essv,
1272 2671 1340 2740 in
1375 2670 1693 2757 (Endlich.
1727 2695 1787 2763 p.
1818 2671 1971 2738 207.
2005 2671 2207 2755 213.),
2252 2671 2339 2738 Ῐιΐι
2372 2673 2445 2755 (3
2469 2677 2559 2755 m)
2595 2671 2759 2741 valet
2790 2697 2872 2740 εει,-

627 2781 734 2858 ad,
763 2781 832 2846 in
867 2777 1048 2861 (218.
1080 2777 1280 2861 215.).
1347 2779 1510 2847 Nam
1556 2799 1627 2845 re
1676 2799 1821 2846 vera
1854 2777 1961 2868 ja,
2008 2777 2093 2844 ἠᾱ
2140 2799 2347 2869 neque
2396 2801 2497 2857 ex,
2549 2799 2756 2868 neque
2800 2779 2872 2846 in

627 2882 1008 2974 significant3
1053 2881 1166 2952 sed
1212 2906 1266 2952 v.
1297 2905 1360 2972 g.
1405 2907 1527 2953 vox
1573 2895 1675 2952 εἴη
1722 2907 1832 2953 cor
1864 2885 1935 2968 (3
1962 2889 2030 2968 u)
2063 2883 2369 2975 positione
2418 2881 2751 2976 aliquando
2796 2883 2867 2951 in

631 2993 818 3060 corde
861 2989 1044 3068 valet,
1090 2983 1214 3057 sive
1247 2988 1334 3079 ιφ’τῖι
1378 2988 1687 3071 adveniat,
1732 2989 1857 3058 sive
1906 2990 2259 3071 omittatur;
2305 2989 2523 3084 quodsi
2553 2988 2641 3080 jz'c
2671 3012 2870 3082 appo-

628 3097 822 3180 nitur,
869 3117 992 3162 non
1038 3092 1100 3161 id
1147 3104 1264 3177 est,
1310 3095 1478 3189 quod
1527 3095 1850 3166 locativam
1901 3095 2132 3166 efficiat
2171 3095 2715 3186 significationem,
2762 3095 2871 3165 sed

631 3202 763 3271 sola
807 3199 1011 3294 potius
1057 3197 1312 3293 positio;
1367 3211 1585 3270 monet
1631 3211 1842 3272 autem
1874 3203 1995 3294 ij,
2054 3211 2124 3272 ut
2183 3201 2499 3294 positionis
2544 3201 2706 3271 ratio
2754 3202 2868 3272 ha·-

629 3306 874 3378 beatur.
963 3305 1298 3376 Clamitant
1343 3308 1532 3378 Sinae
1575 3307 1671 3376 his
1716 3308 2247 3398 interjectionibus
2296 3330 2407 3377 eos
2452 3307 2559 3400 qui
2600 3307 2870 3388 audiant,

632 3421 704 3483 ut
749 3411 1276 3482 constructionem
1319 3436 1540 3482 vocum
1598 3413 1765 3483 bene
1822 3413 2237 3484 considerent.
2330 3416 2549 3496 Quare
2606 3436 2713 3483 eas
2768 3415 2870 3483 in·-

633 3519 1020 3611 terjectiones
1064 3518 1572 3609 qrammaticales
1616 3518 1929 3588 nominem
1949 3571 1966 3601 ‚
2020 3520 2079 3586 in
2127 3519 2355 3614 quibus
2399 3519 2753 3611 particulas
2793 3521 2869 3613 fi-

631 3627 810 3704 nales
857 3627 1042 3696 etiam
1086 3647 1364 3693 numero.
1435 3625 1564 3696 Sed
1609 3624 1837 3692 mirum
1880 3625 2071 3694 videri
2106 3649 2225 3694 non
2260 3635 2489 3720 potest,
2534 3626 2703 3719 quod
2735 3647 2869 3694 sae-

632 3732 768 3825 pius
815 3731 1071 3798 aliarum
1117 3729 1300 3798 etiam
1347 3729 1873 3823 interjectionum,
1918 3754 2081 3824 quae
2130 3732 2354 3801 nostris
2400 3730 2785 3824 respondent
2814 3741 2871 3800 et

633 3833 954 3925 gaudium,
997 3834 1332 3915 tristitiam,
1375 3837 1526 3907 alios
1555 3859 1775 3906 sensus
1806 3835 2175 3928 significant,
2208 3847 2402 3928 agunt
2431 3847 2661 3931 partes.
2718 3839 2867 3906 Nam

635 3964 718 4010 ex
763 3940 860 4010 his
905 3950 1080 4012 ortae
1127 3952 1305 4022 sunt,
1349 3965 1424 4012 ac
1470 3943 1851 4036 praepositio
1898 3945 1983 4012 Ιιΐι
2030 3945 2101 4028 (3
2124 3947 2215 4030 m)
2260 3967 2333 4010 re
2380 3966 2522 4013 vera
2574 3952 2670 4012 est
2713 3943 2867 4012 idem

634 4046 805 4142 quod
851 4046 1206 4140 interjectio
1250 4050 1368 4130 Ιιᾱ,
1413 4072 1576 4144 quae
1625 4047 1853 4118 eodem
1899 4049 2075 4139 signo
2120 4048 2441 4131 scribitur,
2502 4059 2567 4118 et
2600 4049 2689 4141 ij
2732 4050 2867 4134 (11)

635 4163 699 4222 et
715 4153 803 4246 ja
836 4155 902 4242 (3
915 4154 984 4242 k)
1015 4163 1161 4224 sunt
1185 4179 1368 4225 verae
1395 4155 1884 4247 interjectiones,
1934 4154 2179 4238 Quodsi
2196 4155 2283 4247 jul
2312 4159 2375 4246 (1
2407 4157 2465 4242 l)
2498 4159 2657 4226 dare
2686 4149 2868 4247 signi-

635 4259 780 4330 ficat
811 4259 1027 4354 (quod,
1074 4283 1266 4354 quum
1299 4263 1388 4354 ja
1419 4262 1496 4331 sit
1541 4263 1742 4332 dativi
1770 4263 2035 4355 signum,
2069 4285 2217 4332 cum.
2244 4273 2457 4333 nostro
2490 4263 2672 4354 hujus
2704 4284 2868 4332 casus

637 4368 890 4437 nomine
913 4366 1078 4437 bene
1105 4390 1454 4458 congruere
1479 4368 1723 4455 dicunt)
1752 4379 1816 4438 et
1830 4369 1917 4460 ja
1948 4371 2021 4458 (3
2041 4368 2111 4456 k)
2142 4369 2385 4441 locativi
2416 4370 2664 4460 signum
2696 4369 2867 4439 etiam
