3225 5259
1571 346 1575 351 ·
1677 328 1721 397 4

512 528 518 534 ’
565 522 928 606 habendum
973 532 1072 593 est
1117 520 1426 591 difficilius
1471 544 1545 590 ac
1589 530 1825 615 quanta
1868 521 2207 617 requiritur
2247 520 2473 591 mentis
2512 520 2821 591 subtilitas

569 641 758 725 atque
805 630 996 699 animi
1043 628 1162 709 viS‚
1211 650 1408 717 quum
1454 637 1625 697 totae
1672 630 2145 699 enunciationes
2192 627 2269 698 ad
2319 651 2505 697 unam
2554 627 2819 720 conjun-

569 736 985 829 gendaesint
1029 734 1389 829 periodum;
1435 758 1759 829 quumque
1805 734 1959 803 illud
1994 736 2125 826 jam
2173 734 2405 803 multae
2452 734 2703 825 linguae
2748 757 2821 803 re

571 867 718 913 vera
767 843 1013 936 assequi
1061 866 1183 911 non
1231 841 1573 934 potuerint,
1622 840 1877 909 minime
1923 839 2171 911 videtur
2204 839 2575 921 mirandum,
2620 840 2672 909 si
2702 840 2823 909 hoc

437 1030 444 1035 ,
571 948 650 1019 ab
695 947 916 1019 iisdem
961 948 1162 1019 multo
1209 946 1412 1016 minus
1457 946 1538 1015 sit
1581 944 1895 1015 effectum.
1966 946 2093 1015 Sed
2141 948 2190 1015 si
2238 969 2357 1040 qua
2404 947 2618 1035 lingua
2664 947 2821 1015 sim-

36 1910 300 1999 sfmae...
327 1878 522 1975 aad·

571 1055 798 1149 plicem
825 1053 1350 1129 ‚enunciationem
1395 1061 1540 1145 apte
1587 1053 1859 1121 formare
1906 1060 2146 1145 potest,
2204 1054 2378 1123 illum
2438 1052 2625 1127 etiam
2672 1075 2821 1121 ora-

571 1161 760 1251 tionis
817 1159 1152 1239 ambitum,
1211 1158 1324 1227 nisi
1381 1159 1663 1227 externis
1709 1158 2081 1251 impediatur
2138 1161 2371 1239 causis,
2428 1168 2820 1251 assequetur.

572 1267 698 1337 Hie
743 1267 930 1351 enim,
975 1275 1049 1336 ut
1093 1265 1216 1347 illa,
1261 1266 1324 1334 in
1373 1263 1598 1333 eadem
1642 1264 1883 1357 positus
1928 1273 2027 1335 est
2068 1265 2321 1356 linguae
2370 1264 2675 1335 creandae
2722 1266 2823 1335 fa-

575 1373 827 1455 cultate,
871 1396 1034 1467 quae
1079 1394 1276 1466 quum
1317 1380 1496 1441 recto
1543 1368 1732 1440 modo
1788 1381 2163 1441 exerceatur
2208 1373 2417 1441 omnia
2463 1370 2542 1441 ad
2584 1372 2825 1441 exitum

573 1477 878 1571 perducat
919 1490 1029 1547 aut
1073 1478 1224 1547 nibil
1273 1477 1523 1557 efficiat,
1570 1500 1763 1570 quum
1812 1477 1873 1546 in
1922 1478 2141 1547 salsam
2186 1476 2450 1548 ducatur
2493 1478 2673 1547 viam.

755 1586 968 1669 Quem
1013 1584 1366 1675 linguarum
1415 1604 1818 1677 progressum
1866 1592 2196 1677 postquam
2253 1584 2541 1655 universe
2586 1594 2829 1656 tantum

576 1689 1111 1771 adumbravimus,
1167 1689 1452 1784 sequitur
1497 1700 1569 1757 ut
1613 1690 1945 1781 separatim
1992 1699 2296 1783 quantum
2352 1690 2429 1760 ad
2476 1715 2622 1762 eum
2672 1715 2829 1762 con-

577 1800 739 1869 serat
782 1785 1127 1889 pronomen
1176 1796 1502 1865 relativum
1549 1794 2077 1866 demonstremus.
2170 1798 2243 1865 in
2291 1820 2420 1890 quo
2466 1797 2828 1891 philologo-

575 1927 720 1973 rum
775 1909 1030 1971 utemur
1097 1900 1358 1970 ratione.
1452 1902 1841 1991 Linguarum
1902 1902 2067 1971 enim
2139 1902 2399 1972 scientia
2456 1903 2829 1996 philologiae

580 2020 679 2079 est
724 2006 1062 2101 disciplina.
1141 2007 1270 2075 Sed
1316 2008 1581 2077 sortasse
1630 2030 1751 2075 non
1800 2006 2071 2075 alienum
2117 2007 2365 2078 videtur
2410 2009 2545 2100 ejus
2592 2009 2831 2080 doctri-

578 2138 698 2185 nae
743 2136 931 2208 quam
977 2112 1346 2206 profitemur
1373 2113 1694 2189 rationem
1750 2114 1999 2207 qualem
2058 2136 2171 2183 nos
2216 2114 2470 2207 quidem
2518 2138 2833 2210 percepe-

577 2221 776 2317 rimus
820 2220 1034 2313 paucis
1083 2217 1436 2299 declarare;
1493 2218 2019 2312 quemadmodum
2070 2242 2142 2288 ea
2188 2220 2265 2289 ad
2314 2221 2635 2293 universas
2679 2224 2831 2293 lite-

579 2350 681 2397 ras
727 2334 916 2421 atque
961 2322 1040 2394 ad
1084 2324 1482 2418 philologiam
1537 2325 1931 2417 potissimum
1989 2323 2320 2397 reserenda
2366 2328 2476 2407 sit;
2534 2353 2696 2423 quae
2752 2330 2835 2399 sit

585 2432 718 2524 ejus
765 2431 964 2512 notio,
1009 2453 1174 2525 quae
1224 2430 1351 2498 via?

762 2537 1149 2607 Omittamus
1205 2533 1356 2629 quid
1410 2535 1541 2605 aliis
1601 2536 1965 2631 disciplinis,
2026 2539 2463 2631 ethnologiae‚
2520 2542 2835 2623 historiae,

583 2644 956 2737 scriptorum
1003 2642 1503 2734 interpretationi
1551 2642 1775 2713 afferat
1820 2644 2225 2724 incrementi;
2270 2645 2419 2740 quid
2459 2646 2589 2739 ipsa
2620 2671 2835 2740 perse

584 2759 902 2844 sequatur,
947 2746 1068 2817 hoc
1111 2746 1450 2817 videamus.

763 2854 1223 2945 Intelligentiae
1268 2853 1580 2923 humanae
1626 2854 1720 2923 vel
1770 2856 2194 2925 universarum
2239 2856 2563 2945 literarum
2610 2882 2837 2931 munus

589 2962 737 3035 mibi
783 2960 1048 3039 videtur,
1096 2959 1442 3054 simplicem
1489 2970 1679 3055 atque
1737 2959 2082 3031 absolutam
2135 2965 2462 3058 percipere
2508 2965 2839 3049 rationem,

589 3091 754 3163 quae
797 3090 991 3161 quum
1039 3065 1103 3133 in
1151 3066 1386 3137 mundo
1434 3066 1528 3135 vel
1577 3082 1822 3135 natura
1866 3076 2001 3136 tum
2048 3068 2107 3135 in
2154 3072 2399 3159 ymeris
2438 3072 2705 3143 humani
2732 3074 2837 3143 hi-

593 3175 798 3245 storia
827 3182 1140 3265 appareat.
1209 3174 1422 3268 Atque
1468 3194 1620 3241 vero
1666 3172 1725 3241 in
1775 3171 1923 3265 ipsis
1969 3173 2163 3245 literis
2196 3176 2473 3246 cernitur
2504 3178 2837 3271 perfectis-

591 3281 748 3350 sima
790 3279 952 3349 ratio
1000 3278 1124 3357 illa,
1169 3274 1357 3372 quam
1403 3281 1612 3348 Deum
1660 3301 1971 3359 vocamus,
2020 3302 2223 3374 eaque
2271 3282 2606 3353 clarissima
2648 3295 2839 3380 atque

591 3386 984 3480 amplissima.
1077 3386 1302 3477 ltaque
1348 3385 1492 3476 jure
1550 3384 1668 3455 dici
1715 3384 1860 3455 mibi
1908 3383 2188 3468 videtur,
2245 3386 2457 3458 literas
2517 3412 2656 3460 esse
2712 3393 2839 3462 Dei

590 3493 800 3575 vitam,
845 3514 1032 3585 quam
1079 3491 1209 3581 agit
1250 3491 1311 3559 in
1357 3490 1767 3583 intelligentia
1798 3515 1871 3561 ac
1900 3492 2128 3585 specie,
2174 3515 2360 3585 quam
2398 3494 2621 3565 Graeci
2656 3496 2843 3563 ἰδέαν

593 3598 1007 3694 appellabant.
1099 3598 1314 3679 Quum
1359 3594 1550 3686 igitur
1595 3596 1724 3667 duo
1757 3598 1892 3667 sint
1934 3597 2254 3667 literarum
2313 3621 2582 3690 genera,
2644 3624 2841 3673 unum

591 3719 868 3776 naturae
909 3704 1176 3771 alterum
1222 3701 1490 3771 humani
1529 3704 1733 3773 animi
1771 3704 2068 3780 historia,
2100 3704 2418 3798 philologi
2476 3706 2728 3803 quidem
2776 3710 2841 3779 id

593 3808 710 3879 sibi
755 3818 1031 3889 sumunt,
1077 3815 1149 3877 ut
1193 3830 1606 3903 quaecunque
1653 3808 1688 3875 ὁ
1736 3806 1937 3905 λόχος
1992 3800 2637 3884 siveWumana
2686 3839 2841 3909 pro-

597 3913 906 3985 creaverit
950 3913 1343 4007 perspiciant.
1437 3914 1758 4010 Quidquid
1806 3926 2019 3987 autem
2076 3918 2235 3991 ratio
2293 3921 2535 4011 profert
2578 3932 2674 3990 est
2720 3923 2841 3991 ali-

595 4044 718 4116 qua
768 4018 928 4099 idea,
975 4018 1205 4113 aliquid
1254 4024 1578 4111 cognitum
1606 4027 1962 4117 menteque
2009 4034 2415 4117 perceptum,
2474 4026 2621 4096 licet
2664 4032 2841 4124 quasi

597 4120 824 4221 corpus
868 4125 1181 4220 quoddam
1226 4126 1519 4208 induerit,
1565 4130 1693 4197 sive
1740 4128 1817 4199 ab
1864 4130 2186 4201 hominum
2242 4130 2541 4204 societate
2596 4159 2669 4205 re
2716 4160 2841 4229 pu-

496 4315 500 4319 *
595 4233 754 4305 blica
799 4232 879 4303 ad
926 4232 1236 4307 effectum
1270 4233 1350 4303 sit
1387 4232 1748 4315 adductum.
1795 4235 1923 4305 sive
1956 4258 1992 4305 e
2022 4235 2228 4329 lapide
2258 4236 2516 4319 fictum.-
2542 4241 2667 4313 sive
2695 4262 2841 4333 my·-

595 4340 719 4409 this
777 4348 844 4409 et
902 4338 1204 4429 religione
1261 4362 1661 4432 expressum,
1732 4341 1856 4412 sive
1922 4342 2430 4437 philosophorum
2487 4344 2841 4415 ‚subtilitate

597 4444 1125 4529 demonstratum,
1180 4447 1308 4517 sive
1367 4456 1695 4551 poetarum
1750 4448 2055 4523 suavitate
2110 4450 2236 4541 sire
2295 4460 2613 4522 oratorum
2650 4450 2840 4567 ¹'copia
