3225 5259
1640 335 1727 402 46

553 549 700 598 nem
747 527 843 596 vel
888 528 1259 598 relationem
1305 525 1610 607 indicant3
1662 525 1777 596 sed
1831 527 2029 621 qualis
2073 527 2231 597 haec
2260 527 2361 609 sit,
2408 533 2623 596 utrum
2652 549 2804 619 pos-

553 633 785 702 sessiva
831 657 909 702 an
957 634 1248 714 ablativa,
1293 633 1639 703 accusativa
1686 655 1765 700 an
1814 632 2209 713 nominativa,
2255 655 2651 726 nequaqnam
2682 655 2804 702 no-

552 747 738 808 tatur.
810 741 1029 822 Quare
1075 741 1196 837 hoc
1239 742 1294 812 N
1334 763 1478 810 cum
1525 739 1691 808 linea
1738 738 2211 819 mathematica,
2256 757 2381 832 qua
2412 737 2541 808 duo
2572 747 2807 831 puncta

555 845 1012 936 conjungantur
1068 854 1176 914 aut
1231 847 1396 915 inter
1452 868 1522 916 se
1567 846 1961 926 referantur,
2020 855 2167 938 apte
2222 845 2573 938 comparari
2620 867 2807 938 posse

553 951 698 1020 mihi
743 951 1008 1021 videtur.
1075 954 1173 1022 Eo
1221 961 1434 1022 autem
1479 951 1867 1046 potissimum
1914 951 2287 1020 relationum
2323 953 2655 1021 varietates
2687 973 2807 1020 nec

553 1058 821 1126 sensisse
881 1081 1000 1128 nec
1055 1081 1212 1128 voce
1271 1058 1652 1154 expressisse
1718 1055 2011 1128 videntur
2068 1056 2294 1150 Copti,
2326 1115 2336 1124 .
2369 1056 2541 1151 quod
2595 1058 2803 1151 phan-

551 1163 708 1233 tasia
752 1165 1005 1234 omnino
1051 1164 1278 1240 desecti
1321 1176 1522 1237 erant.
1589 1165 1812 1257 Itaque
1853 1179 2020 1236 EYOI
2052 1163 2109 1233 N
2143 1178 2293 1235 ΗΒΕ
2326 1165 2385 1233 Ν
2416 1179 2499 1236 NI
2531 1178 2806 1236 HALATl

551 1276 642 1365 (p.
678 1272 879 1356 1396)
927 1286 1076 1342 sunt
1121 1273 1298 1343 cibus
1345 1272 1560 1341 avium
1607 1293 1731 1340 non
1782 1276 2052 1338 vertam:
2101 1270 2191 1338 sie
2236 1269 2557 1340 sind-was
2590 1269 2807 1360 Speise

548 1378 773 1447 welche
818 1381 930 1447 der
987 1378 1194 1469 Vogel,
1240 1380 1326 1447 ita
1374 1388 1446 1446 ut
1490 1377 1761 1469 primum
1808 1377 1865 1446 N
1907 1398 2050 1443 cum
2099 1375 2509 1454 nominativo,
2565 1396 2801 1444 secun·-

550 1482 702 1551 dum
747 1507 893 1552 cum
937 1484 1211 1574 genitivo
1247 1484 1569 1575 jungatur,
1617 1504 1780 1574 quae
1812 1480 1939 1550 duo
1972 1503 2097 1548 non
2132 1480 2257 1548 sint
2286 1501 2602 1572 expressa.
2672 1479 2801 1548 Sed

551 1589 758 1682 potius
801 1593 858 1661 N
900 1598 997 1658 est
1041 1612 1368 1683 exponens
1412 1587 1777 1656 indefinitae
1840 1587 2163 1655 relationis
2221 1587 2577 1679 cujusdam,
2638 1607 2800 1679 quae

547 1697 711 1764 inter
756 1696 1044 1766 notiones
1099 1711 1266 1769 EYOI
1313 1708 1461 1764 sunt
1508 1703 1573 1762 et
1617 1709 1765 1767 HRE
1812 1695 1989 1764 cibus
2035 1718 2157 1763 una
2203 1705 2416 1786 parte,
2463 1703 2651 1785 atque
2698 1691 2799 1760 in-

547 1813 648 1870 ter
691 1817 840 1876 HRE
888 1811 952 1870 et
995 1816 1074 1872 Nl
1108 1815 1384 1872 HALATI
1433 1823 1578 1869 aves
1634 1800 1830 1868 altera
1886 1809 2065 1892 parte
2135 1799 2486 1870 intercedit.
2580 1800 2799 1882 Quare

547 1929 742 2001 quum
801 1906 1106 1975 dicamus:
1167 1920 1316 1975 sunt
1375 1908 1552 1976 cibus
1609 1907 1853 1986 avium,
1907 1904 2075 1974 idem
2132 1907 2573 2000 exprimimus,
2630 1902 2799 1999 quod

547 2011 861 2105 Aegyptii,
907 2013 956 2080 si
1004 2012 1176 2080 reale
1221 2012 1318 2080 vel
1367 2011 1691 2082 materiale
1723 2013 2072 2081 sententiae
2114 2022 2556 2104 argumentum
2588 2012 2796 2105 respi-

549 2117 778 2199 cimus,
833 2118 895 2186 in
943 2117 1154 2186 animo
1200 2116 1455 2209 quidem
1498 2117 1890 2196 habuerunt,
1946 2117 2057 2186 sed
2102 2127 2229 2186 tam
2277 2118 2473 2188 vivide
2522 2140 2647 2186 non
2698 2117 2794 2184 ef-.·

545 2222 870 2294 finxerunt
913 2223 1320 2314 cogitatione,
1365 2247 1486 2294 nec
1529 2234 1659 2294 tam
1702 2223 1934 2294 acriter
1979 2232 2193 2292 mente
2242 2222 2679 2304 distinxerunt,
2726 2233 2798 2291 ut

547 2330 736 2400 certis
769 2329 1211 2422 'exprimerent
1265 2329 1536 2400 vocibus.
1630 2330 1996 2421 Singulares
2052 2337 2199 2399 sunt
2254 2313 2636 2400 relationum
2696 2327 2794 2397 di-

545 2434 940 2516 stinctiones,
996 2458 1152 2528 quas
1213 2459 1328 2506 nos
1385 2435 1689 2507 addimus.
1780 2438 1945 2506 Nam
1990 2460 2115 2505 non
2162 2435 2348 2506 modo
2396 2435 2795 2529 exprimimus

545 2541 770 2610 referri
813 2540 982 2610 inter
1021 2563 1092 2610 se
1137 2557 1286 2612 sunt
1331 2554 1398 2612 et
1443 2545 1643 2622 cibus,
1692 2551 1881 2636 atque
1928 2543 2104 2612 cibus
2151 2553 2216 2612 et
2263 2543 2497 2623 avium,
2544 2541 2657 2611 sed
2693 2540 2792 2610 di·-

545 2647 768 2718 stincte
814 2646 1238 2728 declaramus,
1282 2649 1458 2718 cibus
1503 2649 1582 2718 ad
1630 2673 1771 2718 aves
1816 2648 2171 2738 pertinere,
2231 2648 2311 2717 ab
2364 2647 2434 2716 iis
2488 2646 2793 2739 possideri

544 2777 618 2824 ac
661 2752 1087 2847 praedicatum
1134 2776 1287 2824 esse.

721 2861 1019 2929 Fortasse
1079 2870 1289 2929 autem
1349 2861 1701 2949 linguarum
1759 2859 1980 2930 Indo·
2006 2881 2468 2953 europaearum
2538 2858 2791 2928 historia

543 2964 812 3046 docebit,
856 2988 1096 3046 omneS,
1141 2975 1212 3034 ut
1257 2964 1336 3035 de
1383 2968 1695 3036 nonnullis
1742 2966 1993 3061 quidem
2030 2967 2159 3060 jam
2208 2973 2486 3045 constet,
2532 2987 2791 3034 casuum

543 3072 751 3142 exitus
798 3071 947 3140 nihil
996 3093 1136 3140 esse
1181 3073 1296 3141 nisi
1341 3073 1735 3164 pronomina,
1784 3073 1869 3143 ita
1914 3081 1985 3142 ut
2030 3071 2263 3142 nostris
2312 3071 2500 3140 etiam
2550 3070 2791 3140 casibus

540 3179 793 3272 proprie
837 3177 1088 3246 minime
1119 3188 1308 3272 ‚certe
1354 3179 1666 3272 quaedam
1712 3202 1785 3248 ac
1831 3178 2119 3248 distincta
2165 3199 2387 3247 vocum
2436 3177 2530 3246 vel
2581 3175 2791 3246 notio·-

543 3306 694 3352 num
738 3282 913 3361 rati0,
958 3281 1071 3352 sed
1118 3294 1188 3352 ut
1235 3285 1496 3377 Coptico
1534 3288 1611 3367 N,
1658 3289 1725 3364 E,
1774 3285 1979 3378 aliqua
2024 3284 2340 3354 indefinita
2386 3292 2629 3352 tantum
2678 3304 2790 3351 re-

541 3390 690 3459 latio
738 3388 1139 3482 exprimatur.
1233 3388 1426 3472 Quod
1472 3390 1521 3460 si
1567 3413 1787 3461 verum
1834 3400 1959 3474 est,
2018 3416 2141 3485 qua
2188 3388 2444 3460 tandem
2488 3411 2593 3469 re,
2651 3387 2791 3482 quis

539 3504 823 3591 quaerat,
868 3493 1118 3586 linguae
1163 3496 1305 3565 illae
1336 3519 1492 3590 quas
1532 3507 1663 3565 tam
1694 3497 2058 3590 praedicant
2091 3498 2393 3590 Copticae
2427 3494 2790 3588 praestant?

538 3606 709 3674 Num
757 3625 869 3683 eo,
916 3600 1084 3695 quod
1129 3600 1551 3696 compluribus
1595 3603 1878 3693 gaudent
1923 3602 2421 3696 pronominibus,
2467 3623 2631 3694 quae
2676 3623 2789 3670 re-

540 3710 837 3779 lationem
881 3707 1190 3784 indicent,
1247 3707 1348 3776 illa
1395 3718 1608 3782 autem
1655 3732 1783 3778 uno
1840 3718 2117 3805 tantum,
2176 3719 2288 3779 aut
2346 3707 2624 3787 duobuS,
2681 3713 2791 3796 aut

538 3813 738 3884 tribus
787 3814 910 3897 (N,
957 3817 1025 3893 E,
1069 3815 1310 3899 NTE)‘l
1379 3816 1506 3886 Sed
1554 3817 1735 3886 facile
1782 3815 1921 3909 quis
1967 3815 2286 3910 Copticam
2333 3813 2791 3908 simplicitatem

539 3918 884 3990 difficilibus
931 3921 1358 4014 contortisque
1408 3922 1675 4003 casibus,
1706 3921 1990 4014 ‚parvulis
2036 3922 2335 4002 articulis,
2381 3919 2489 4014 qui
2532 3918 2787 4013 proprie

539 4024 894 4118 significent
935 4023 1101 4096 idem
1148 4049 1364 4098 omnes
1422 4036 1611 4121 atque
1670 4027 1819 4098 nihil
1867 4027 2031 4097 aliud
2089 4050 2163 4098 ac
2206 4030 2263 4099 N
2301 4037 2411 4096 aut
2453 4029 2536 4106 Ε,
2609 4033 2791 4118 putet

538 4130 1054 4204 antehabendam.

714 4241 954 4310 Verum
1011 4248 1220 4309 autem
1277 4264 1425 4314 vero
1480 4240 1583 4310 bic
1650 4264 1953 4336 apparere
2021 4239 2170 4310 mihi
2230 4238 2472 4310 videtur
2528 4239 2785 4329 linguae

535 4347 960 4467 organismum
1013 4347 1212 4418 multo
1279 4348 1482 4419 minus
1549 4370 1689 4421 esse
1745 4357 2007 4418 naturae
2063 4369 2251 4440 quam
2306 4347 2535 4416 mentis
2593 4353 2785 4438 atque

535 4451 741 4522 animi.
802 4452 992 4544 JNam
1039 4453 1186 4524 mihi
1232 4453 1482 4548 quidem
1531 4447 2071 4547 persuasissimum
2120 4465 2239 4536 est,
2282 4450 2534 4546 genitivi
2580 4450 2783 4521 nostri
