3225 5259
1613 310 1666 376 8

516 502 746 577 θοάζω
787 502 1257 595 distinguamus,
1301 501 1742 573 discernamus.
1810 501 1975 573 Illud
2020 501 2184 573 enim
2230 502 2475 573 hebetis
2520 498 2765 572 videtur

519 631 658 679 esse
689 609 953 702 ingenii;
999 610 1118 679 boc
1163 632 1310 680 vero
1355 610 1492 679 sine
1523 609 1987 702 comparatione
2017 632 2164 679 vere
2212 608 2350 679 fleri
2380 632 2503 679 uon
2536 618 2763 700 potest.

516 718 745 809 Neque
791 717 956 787 enim
1003 716 1175 785 crisis
1223 738 1430 809 neque
1474 714 1878 797 combinatio,
1904 738 2111 809 quam
2164 714 2514 793 nominant,
2558 713 2767 807 philo-

521 820 666 911 logo
713 821 878 893 desit
919 830 1192 915 oportet.
1283 824 1448 893 Nam
1505 820 1677 891 crisis
1734 832 1832 893 est
1888 820 2196 892 distinctio
2248 844 2465 891 rerum
2486 874 2491 881 .
2512 842 2769 911 compa-

475 936 818 1037 jratarum.
911 926 1252 1012 Quomodo
1297 928 1687 1018 cognationis
1742 928 1909 997 inter
1964 928 2209 1015 linguas
2252 927 2481 1018 gradus
2526 924 2770 996 descri-

473 1030 678 1105 'bere
735 1056 1066 1127 possumus
1089 1084 1108 1112 ,
1187 1034 1298 1103 nisi
1363 1034 1715 1125 linguarum
1784 1043 2283 1127 comparatarum
2346 1033 2505 1103 fines
2571 1032 2771 1121 magis

487 1141 852 1235 ,magisque
897 1139 1270 1211 dilatamus?
1341 1139 1683 1223 Quomodo
1730 1164 1833 1210 res
1880 1139 2199 1241 nominare
2246 1161 2574 1233 possumus
2618 1161 2771 1232 pro-
2880 1184 2885 1191 -

491 1234 820 1339 ‘pinquas,
875 1245 992 1317 nis'i
1048 1244 1516 1340 longinquiores
1560 1246 1749 1316 etiam
1796 1246 2303 1336 cognoverimus,
2350 1246 2583 1339 basque
2630 1266 2773 1313 cum

524 1350 644 1421 illis
690 1352 1181 1423 contulerimus?

503 1534 524 1545 ,
707 1458 836 1529 Sed
895 1467 1212 1552 utcunque
1269 1480 1338 1527 se
1395 1481 1498 1527 res
1555 1458 1777 1537 habet,
1835 1457 1897 1528 id
1944 1457 2199 1553 quidem
2254 1468 2524 1537 constat,
2579 1480 2775 1525 sono-

526 1587 670 1633 rum
713 1564 775 1633 in
821 1557 1004 1633 variis
1047 1562 1268 1653 linguis
1314 1562 1793 1657 discrepantiam
1840 1588 2047 1660 neque
2108 1565 2191 1634 ita
2241 1587 2378 1633 esse
2426 1574 2662 1665 certam
2706 1585 2779 1631 ac

533 1668 776 1741 firmam
825 1690 1031 1763 neque
1078 1669 1234 1739 tanti
1279 1670 1611 1750 momenti,
1659 1682 1731 1742 ut
1774 1694 1849 1741 ea
1896 1670 2281 1765 potissimum
2328 1670 2569 1762 linguas
2616 1672 2781 1739 inter

533 1798 604 1855 se
651 1773 977 1845 dissentire
1026 1775 1476 1847 existimemus.
1563 1779 1725 1847 Nam
1772 1778 2122 1858 mehercle,
2168 1786 2240 1845 ut
2281 1787 2523 1845 taceam
2573 1776 2780 1868 philo-2

535 1881 856 1970 logomm,
923 1882 1030 1975 qui
1087 1883 1330 1973 linguas
1387 1883 1678 1952 historica
1732 1883 1974 1952 ratione
2042 1882 2208 1953 inter
2270 1904 2339 1951 se
2399 1888 2781 1972 comparant,

535 1985 1064 2082 disquisitionibus
1109 1989 1306 2078 magis
1353 1986 1674 2080 magisque
1732 2010 1847 2057 nos
1891 1988 2072 2059 istam
2120 2009 2493 2075 evanescere
2537 1984 2783 2065 vidisse,

537 2092 890 2183 linguarum
936 2092 1258 2164 diversitas
1303 2094 1364 2163 in
1411 2091 1667 2163 diversis
1711 2117 1865 2187 quas
1910 2093 2270 2188 exprimunt
2322 2091 2539 2183 logicis
2584 2091 2782 2183 potis-

538 2198 765 2269 simum
809 2198 1152 2270 rationibus
1194 2200 1486 2293 varioque
1531 2210 1598 2269 et
1643 2223 1856 2271 rerum
1903 2211 1969 2270 et
2007 2199 2317 2270 rationum
2347 2196 2785 2291 percipienda-

541 2328 682 2377 rum
727 2303 915 2375 modo
957 2306 1227 2397 positum
1254 2298 1382 2376 'est

716 2411 954 2481 Verum
1001 2410 1166 2480 enim
1213 2434 1360 2481 vero
1405 2412 1604 2481 intimi
1638 2414 2009 2507 populorum
2038 2410 2247 2491 animi,
2293 2408 2535 2482 diversa
2566 2434 2787 2480 eorum

473 2596 482 2604 ,
542 2517 796 2608 ingenia
841 2516 1292 2612 facultatesque
1336 2518 1590 2589 ultimae
1638 2530 1785 2589 sunt
1828 2519 2181 2610 linguarum
2212 2516 2593 2588 diversarum
2634 2540 2789 2586 cau-

543 2646 674 2705 sae,
717 2623 796 2694 ad
841 2647 996 2718 quas
1041 2646 1336 2695 sonorum
1383 2648 1633 2719 quoque
1678 2626 1943 2695 varietas
1984 2623 2254 2694 maxime
2286 2631 2383 2693 est
2411 2622 2788 2693 reducenda.

547 2732 710 2801 Nam
755 2730 804 2799 si
851 2753 1040 2825 quem
1086 2731 1386 2824 populum
1430 2731 1532 2799 illa
1577 2732 1947 2825 praestantis
1991 2728 2223 2821 ingenii
2278 2728 2400 2810 vis,
2459 2752 2620 2822 quae
2675 2752 2789 2799 co-

467 2868 474 2891 ν
547 2835 912 2926 gitationem
957 2846 1156 2906 totam
1202 2844 1392 2929 atque
1437 2836 1789 2907 distinctam
1836 2835 2081 2927 effingit
2124 2835 2411 2916 vocibus,
2458 2834 2623 2904 sorte
2669 2834 2791 2905 de·-

548 2940 738 3022 ficiet,
785 2965 978 3036 quum
1025 2941 1225 3011 minus
1269 2941 1606 3012 instructus
1650 2942 1730 3012 sit
1773 2943 1869 3014 vel
1912 2942 2015 3011 illo
2048 2942 2233 3015 animi
2260 2944 2327 3012 in
2356 2940 2795 3034 distinguendo

551 3048 839 3118 acumine
886 3048 982 3117 vel
1028 3048 1131 3117 illa
1176 3070 1402 3118 vocum
1443 3048 1610 3118 bene
1656 3046 2177 3120 articulandarum
2208 3050 2524 3129 facultate,
2568 3048 2796 3119 multas

553 3155 894 3246 categorias
939 3165 1049 3225 aut
1092 3155 1343 3225 omnino
1389 3180 1510 3226 non
1558 3156 1894 3249 exprimet,
1936 3164 2047 3225 aut
2090 3164 2265 3225 certe
2310 3178 2437 3223 non
2479 3164 2654 3224 recta
2682 3177 2795 3223 ra-

554 3260 746 3331 tione.
813 3261 880 3331 Si
925 3261 1117 3352 igitur
1159 3261 1392 3331 alienas
1439 3262 1905 3331 consideramus
1934 3262 2198 3351 linguas,
2246 3269 2601 3329 nostrarum
2630 3259 2795 3330 obli·-

556 3366 861 3437 viscamur
903 3368 1383 3459 categoriarum,
1429 3367 1540 3437 sed
1586 3390 1739 3461 quas
1784 3368 1928 3437 illae
1973 3368 2329 3461 exprimant
2359 3364 2677 3435 videamus
2722 3388 2798 3435 ac

557 3471 897 3566 quomodo,
943 3483 1010 3544 et
1054 3498 1134 3543 ne
1179 3474 1242 3543 in
1289 3473 1420 3543 illas
1464 3474 1825 3557 inferamus,
1871 3496 2035 3569 quae
2078 3475 2140 3543 in
2186 3473 2259 3542 iis
2290 3494 2413 3542 non
2446 3471 2589 3553 sint,
2634 3494 2795 3565 quae

557 3580 772 3672 populi
818 3580 924 3675 qui
968 3580 1044 3651 iis
1089 3581 1428 3675 loquuntur
1473 3602 1678 3674 neque
1724 3582 2013 3651 noverint
2042 3602 2249 3675 neque
2284 3577 2577 3659 sentiant,
2621 3576 2799 3647 valde

561 3708 905 3757 caveamus.
972 3687 1342 3781 Rectissime
1389 3688 1558 3758 enim
1588 3687 1823 3757 dictum
1869 3698 1995 3758 est:
2040 3684 2208 3781 quod
2238 3710 2365 3755 non
2398 3695 2495 3757 est
2525 3684 2587 3752 in
2620 3706 2799 3763 sono,

563 3814 689 3861 non
745 3802 843 3862 est
893 3793 958 3861 in
1015 3815 1223 3862 sensu.
1317 3793 1558 3876 Quodsi
1616 3793 1935 3863 Beckerus
1992 3792 2437 3883 (organismus
2490 3815 2551 3884 p.
2607 3791 2797 3875 XIX)

563 3894 646 3965 ad
689 3896 1144 3988 defendendam
1199 3900 1466 3992 logicam
1523 3900 1877 3988 linguarum
1933 3898 2237 3968 unitatem
2290 3896 2353 3967 id
2411 3898 2681 3992 profert,
2736 3896 2799 3967 in

567 4001 855 4075 omnibus
900 4004 1251 4095 linguarum
1295 4004 1710 4096 grammaticis
1767 4006 2063 4100 aequales
2089 4004 2439 4074 distinctos
2495 4026 2635 4073 esse
2691 4026 2802 4073 ca-

567 4132 695 4193 sus,
739 4110 980 4192 modos,
1024 4122 1333 4204 tempora,
1377 4112 1522 4183 alia:
1578 4111 1700 4181 hoc
1744 4111 1945 4205 ipsum
1990 4120 2118 4194 est,
2162 4108 2332 4205 quod
2375 4109 2803 4183 vehementis-

498 4264 518 4305 ,
569 4216 728 4288 sime
755 4216 1198 4289 Humboldtius
1242 4217 1651 4314 vituperabat.
1716 4216 1829 4287 Sin
1858 4218 1935 4289 B.
1964 4215 2405 4310 grammaticos
2434 4216 2675 4311 priores
2704 4215 2801 4284 vi·-

570 4332 820 4417 tuperat
863 4322 1122 4395 nimium
1163 4325 1516 4417 linguarum
1559 4326 1785 4395 formas
1830 4324 2128 4418 pressisse
2142 4376 2161 4407 ,
2216 4323 2471 4395 omnino
2516 4316 2605 4433 ef
2645 4343 2801 4391 cou-

517 4452 530 4523 3
571 4428 762 4499 trario
805 4430 1012 4525 potius
1055 4439 1154 4503 est
1195 4429 1564 4514 dicendum,
1618 4430 1787 4526 quod
1830 4431 2147 4525 vituperet
2186 4454 2317 4503 non
2364 4452 2503 4502 esse
2548 4427 2802 4510 lactum,
