3225 5259
1489 341 1576 407 47

405 540 650 609 exitum
695 560 856 607 sono
901 536 1052 605 nihil
1101 534 1424 605 continere
1469 532 1743 624 genitivi,
1788 554 1909 601 nec
1953 530 2138 601 dativi
2186 531 2423 601 exitum
2469 530 2657 623 quid·
2674 538 2701 668 l

409 668 600 739 quam
645 643 884 714 babere
933 644 994 711 in
1045 665 1227 721 sono,
1274 637 1445 734 quod
1494 662 1703 708 veram
1750 637 1935 708 dativi
1992 649 2279 708 naturam
2328 638 2685 730 exprimat:

411 752 746 843 Categoria
793 751 960 819 enim
999 754 1164 819 'sono
1203 746 1452 840 proprie
1483 744 1745 838 exprimi
1776 769 1897 814 non
1932 754 2159 839 potest.
2234 745 2465 814 Mentis
2508 770 2657 815 vero

409 870 508 928 est
551 859 660 940 vis,
708 880 872 951 quae
918 856 1062 925 huic
1109 853 1337 923 suffixo
1383 850 1899 941 significationem
1956 852 2253 921 attribuat
2298 852 2656 942 genitivam,

409 964 596 1057 idque
646 964 794 1034 facit
841 986 917 1031 ea
963 960 1036 1029 re
1083 982 1289 1053 eoque
1336 963 1655 1051 tempore,
1701 981 1895 1050 quum
1941 958 2041 1026 alii
2082 957 2336 1041 suffixo,
2380 959 2656 1051 quamvis

407 1070 542 1161 ejus
589 1093 747 1139 sono
795 1069 941 1137 nihil
990 1068 1070 1137 sit
1113 1088 1504 1158 expressum,
1548 1064 1672 1133 vim
1718 1065 1997 1158 impertit
2024 1064 2289 1133 dativam
2320 1088 2431 1134 sua
2464 1065 2655 1158 ipsius

405 1198 647 1244 summa
694 1182 1006 1268 potestate
1051 1183 1240 1265 atque
1289 1170 1559 1239 arbitrio.
1618 1174 1825 1240 Tenet
1870 1173 2033 1241 enim
2066 1171 2305 1240 animus
2336 1193 2654 1252 sonorum,

405 1305 596 1375 quem
641 1281 778 1375 ipse
825 1280 1089 1360 creavit,
1142 1279 1473 1371 imperium
1520 1276 1703 1346 nullis
1750 1280 2039 1347 cancellis
2097 1278 2653 1371 circumscriptum,

403 1411 530 1480 quo
575 1388 650 1455 iis
695 1387 864 1481 quod
923 1386 1174 1455 minime
1232 1386 1378 1454 insit
1435 1382 1726 1477 impertit.
1817 1386 1917 1453 Ex
1980 1408 2105 1478 quo
2162 1383 2346 1453 animi
2392 1383 2655 1476 imperio

404 1494 538 1562 solo
583 1492 645 1561 id
691 1517 947 1588 quoque
995 1492 1244 1585 pendet,
1292 1498 1503 1559 utrum
1549 1491 1763 1580 lingua
1804 1490 2053 1559 ratione
2096 1513 2247 1559 vero
2289 1490 2651 1579 organismo

403 1607 546 1692 apta
593 1598 804 1670 flectat
849 1598 1071 1679 verba,
1131 1622 1206 1667 an
1255 1596 1405 1667 alias
1452 1598 1623 1666 inea-t
1667 1597 1827 1676 vias,
1876 1620 2107 1691 easque
2154 1620 2404 1689 semper
2450 1596 2651 1665 salsas.

401 1706 568 1775 Nam
622 1716 796 1776 recta
853 1706 948 1776 via
1006 1728 1258 1797 semper
1317 1714 1414 1772 est
1469 1726 1626 1784 una,
1698 1703 1889 1771 falsae
1948 1712 2093 1771 sunt
2146 1701 2650 1771 innumerabiles.

403 1813 544 1883 Non
591 1812 952 1907 imperantis
995 1821 1207 1881 autem
1257 1808 1442 1879 animi
1475 1819 1592 1890 est,
1638 1809 2011 1899 categorias,
2055 1832 2219 1902 quae
2250 1809 2433 1901 plane
2464 1832 2650 1879 men—

403 1918 478 1988 tis
525 1918 650 1990 sint
696 1918 1016 2013 propriae,
1063 1942 1136 1987 ac
1180 1916 1432 1985 minime
1481 1938 1563 1985 ex
1611 1914 1979 1999 naturalium
2028 1938 2241 1986 rerum
2288 1915 2493 1986 medio
2538 1940 2649 1986 re-

401 2025 654 2116 petitae,
699 2026 949 2118 proprie
983 2048 1056 2094 ac
1085 2024 1312 2104 verbis,
1358 2045 1520 2116 quae
1552 2022 1703 2115 quid
1738 2021 2023 2091 sensibus
2055 2033 2421 2117 perceptum
2454 2024 2651 2113 signi·-

397 2128 609 2211 ficent,
657 2132 1028 2224 exprimere.
1119 2129 1288 2200 Talis
1345 2130 1508 2199 enim
1566 2130 1842 2209 animuS,
1902 2152 2094 2221 quum
2154 2130 2247 2198 sui
2290 2131 2480 2223 ipsius
2526 2152 2647 2198 non

401 2237 548 2305 satis
594 2236 675 2305 sit
720 2259 971 2330 compos
989 2290 1010 2314 ‚.
1049 2238 1232 2306 timet
1276 2258 1358 2303 ne
1405 2258 1474 2305 se
1521 2235 1723 2328 ipsum
1774 2236 2043 2317 amittat,
2101 2260 2421 2330 quumque
2478 2235 2649 2305 sonis

401 2364 542 2411 sese
587 2342 834 2411 munire
881 2352 1164 2423 conetur,
1211 2341 1478 2411 inertiae
1528 2352 1715 2435 atque
1747 2342 2019 2412 tarditati
2053 2366 2205 2411 suae
2240 2342 2502 2436 praebet
2531 2342 2649 2412 ad-

389 2449 770 2540 jumentum,
815 2472 941 2542 quo
985 2448 1047 2516 in
1095 2470 1393 2545 son-orum
1439 2449 1769 2539 redigatur
1814 2450 2201 2520 servitutem.
2264 2448 2393 2518 Sed
2441 2450 2542 2518 hic
2587 2448 2649 2518 id

400 2564 640 2625 tantum
686 2577 950 2623 monere
995 2553 1318 2635 voluimuS,
1366 2554 1640 2624 animum
1686 2578 1825 2624 eam
1868 2557 2101 2625 habere
2134 2564 2531 2649 potestatem,
2578 2566 2651 2627 ut

397 2662 768 2753 categorias,
814 2684 975 2755 quae
1023 2660 1195 2730 nullo
1245 2660 1428 2731 modo
1475 2684 1849 2755 quacunque
1893 2663 2183 2743 materia,
2229 2684 2393 2755 quae
2440 2662 2645 2731 sensi-

397 2768 516 2839 bus
560 2768 971 2863 percipiatur,
1018 2791 1165 2836 vere
1213 2762 1477 2861 exprimi
1523 2768 1799 2861 possint,
1857 2777 2032 2836 certe
2088 2767 2423 2861 symbolice
2478 2792 2646 2862 quo-

397 2874 732 2945 dammodo
780 2884 970 2967 atque
1019 2897 1100 2942 ex
1147 2873 1402 2944 arbitrio
1433 2874 1736 2944 denotare
1770 2885 1979 2968 potest
2022 2885 2087 2944 et
2126 2874 2338 2944 debet.
2396 2875 2645 2964 Lingua

399 2982 660 3074 Coptica
707 2989 921 3049 autem
965 2979 1131 3047 inter
1177 3002 1304 3061 eas,
1349 3004 1512 3071 qnae
1558 3004 1768 3051 veram
1816 2981 1972 3049 viam
2005 2981 2357 3051 invenerint
2402 2991 2467 3048 et
2496 2980 2645 3049 istas

312 3143 342 3155 ..
395 3109 560 3181 quae
607 3086 687 3155 ab
735 3108 808 3154 ea
855 3083 1278 3155 aberraverint
1325 3095 1421 3155 est
1465 3087 1693 3155 media.
1760 3089 1924 3157 Nam
1957 3111 2151 3181 quum
2183 3085 2480 3180 Aegyptii
2514 3110 2641 3155 non

394 3193 458 3263 in
505 3216 656 3261 eum
698 3190 1048 3277 inciderent
1095 3214 1378 3261 errorem
1427 3203 1614 3287 atque
1661 3194 1845 3262 animi
1906 3194 2303 3278 servitutem,
2360 3204 2431 3262 ut
2476 3203 2640 3262 cate-

393 3298 600 3388 gorias
643 3298 1077 3391 significanter·
1111 3298 1627 3370 circumscribere
1676 3299 2031 3383 studerent,
2080 3299 2188 3369 sed
2238 3300 2442 3391 potius
2488 3324 2643 3393 pro-

393 3406 666 3488 nomina,
713 3429 876 3500 quae
920 3406 1130 3475 valore
1179 3415 1246 3473 et
1289 3428 1447 3476 sono
1495 3407 1619 3476 sint
1664 3406 1995 3500 aptissima,
2042 3406 2119 3474 ad
2149 3428 2371 3475 vocum
2412 3407 2642 3476 formas

393 3508 784 3601 effingendas
830 3512 1169 3613 eligerent,
1229 3511 1291 3580 id
1337 3522 1548 3582 tamen
1597 3512 1842 3607 assequi
1887 3536 2009 3581 non
2058 3521 2376 3604 poterant,
2436 3535 2640 3605 eaque

392 3636 520 3685 nou
567 3616 928 3706 gaudebant
971 3617 1158 3688 animi
1202 3618 1259 3687 vi
1308 3642 1381 3687 ac
1422 3628 1769 3713 potestate,
1828 3628 1900 3689 ut
1944 3617 2139 3689 varias
2188 3640 2443 3687 casuum
2488 3642 2639 3711 par-

389 3731 490 3793 tes
543 3724 728 3793 variis
786 3723 1058 3793 relativis
1113 3723 1528 3818 imponerent.
1622 3724 1812 3807 Quod
1880 3726 2025 3795 solis
2094 3723 2321 3815 linguis
2382 3723 2642 3815 contigit

391 3828 986 3921 Indo-Europaeis.
1080 3832 1242 3900 Nam
1290 3832 1634 3901 Fennicam
1694 3831 1877 3901 etiam
1934 3832 2213 3922 linguam
2261 3853 2472 3901 veram
2519 3829 2638 3900 de-

389 3934 786 4005 clinationem
833 3936 1034 4025 magis
1082 3958 1234 4029 prae
1281 3960 1350 4007 se
1383 3939 1574 4020 ferre,
1621 3960 1807 4031 quam
1837 3960 1985 4007 vere
2017 3936 2315 4007 adhibere
2348 3938 2467 4006 alio
2498 3939 2637 4007 loco

391 4037 940 4111 demonstrabitur.
1032 4044 1104 4110 ln
1167 4064 1244 4113 eo
1301 4053 1515 4113 autem
1561 4042 1833 4111 maxime
1890 4043 2183 4134 organica
2241 4043 2489 4134 linguae
2548 4043 2635 4111 vis

387 4168 462 4215 ac
509 4156 730 4215 natura
775 4148 1083 4230 cernitur,
1139 4148 1308 4244 quod
1366 4150 1426 4218 in
1490 4150 1745 4241 singulis
1799 4149 2113 4243 quibusvis
2171 4150 2303 4242 ejus
2359 4148 2636 4242 partibus

387 4250 674 4321 creandis
730 4254 1004 4323 omnium
1062 4265 1416 4325 ceterarum
1475 4254 1687 4325 habita
1744 4265 1842 4326 est
1895 4256 2091 4337 ratio,
2145 4256 2233 4326 ita
2291 4264 2360 4323 nt
2416 4278 2636 4324 omnes

387 4359 518 4453 pari
564 4348 772 4428 animo
817 4358 1281 4453 quodammodo
1323 4362 1447 4433 sint
1489 4351 1761 4431 innatae
1796 4373 1865 4431 et
1918 4370 2092 4433 totus
2150 4361 2399 4453 linguae
2458 4361 2635 4456 quasi

385 4464 654 4537 mundus
708 4488 840 4537 uno
895 4464 1097 4557 primo
1155 4476 1333 4539 ortus
1389 4468 1471 4539 sit
1511 4466 1722 4577 Jerbo
1788 4468 2137 4561 ingenioso.
2232 4470 2450 4551 Quare
2508 4492 2637 4538 non
