3225 5259
1503 354 1588 421 13

419 545 563 616 nino
597 545 668 617 in
715 547 790 617 iis
835 548 1202 629 constitisse,
1247 557 1483 630 tamen,
1527 548 1578 617 si
1624 546 1703 619 ad
1736 547 1935 618 vivum
1966 572 2348 633 resecamus,
2394 551 2668 643 linguam

419 653 686 722 Sinicam
735 677 813 723 eo
860 676 1000 724 esse
1047 655 1464 746 singularem,
1519 652 1690 749 quod
1736 655 2199 726 enunciationes
2243 657 2477 728 formet
2522 660 2669 729 nul-

419 759 512 829 las
556 761 692 831 fere
736 760 853 829 nisi
896 761 1045 831 istas
1091 760 1608 832 demonstrativas
1640 772 1709 831 et
1734 762 2061 843 vocatives,
2108 763 2373 833 fortasse
2406 788 2531 835 non
2562 766 2670 835 in-

411 866 576 958 juria
621 868 898 940 dicimus.
967 872 1130 939 Nam
1178 890 1478 963 persaepe
1527 860 1763 938 dictum
1810 878 1926 951 est,
1972 892 2009 939 e
2041 866 2351 939 radicibus
2382 880 2671 943 constare

421 996 559 1041 eam
606 976 770 1045 solis.
865 975 995 1045 Sed
1041 976 1104 1044 si'
1135 975 1410 1045 radicem
1456 974 1847 1046 nominamus
1893 998 2032 1045 eam
2076 998 2329 1059 vocem,
2374 1000 2500 1071 qua
2546 1001 2669 1048 no-

418 1080 506 1147 tio
551 1080 861 1153 abstracta
909 1082 1348 1175 complurium,
1405 1104 1568 1176 quae
1626 1105 1815 1153 unam
1875 1082 2047 1175 quasi
2095 1082 2386 1153 familiam
2432 1083 2669 1154 consti·

418 1194 618 1267 tuant,
665 1189 1001 1258 verborum
1046 1189 1178 1257 sine
1225 1189 1350 1258 ulla
1395 1197 1506 1258 aut
1549 1212 1857 1282 personae
1903 1196 2025 1285 aut.
2058 1188 2317 1258 actionis
2360 1200 2471 1259 aut
2509 1190 2669 1260 sub-

419 1293 681 1363 stantiae
739 1294 986 1365 ratione
1043 1295 1450 1383 designatur:
1517 1295 1816 1365 Sinenses
1872 1302 1943 1363 ut
2002 1316 2224 1364 omnes
2284 1293 2381 1365 alii
2452 1294 2669 1389 populi

416 1397 658 1470 radices
704 1401 764 1469 in
813 1400 1098 1471 oratione
1142 1402 1326 1495 plane
1373 1424 1497 1470 non
1541 1399 1897 1493 patiuntur3
1945 1423 2017 1469 ac
2064 1410 2307 1470 tantum
2354 1400 2561 1497 abest,
2596 1411 2669 1473 ut
2732 1464 2738 1473 .

418 1504 716 1575 Sinenses
763 1506 1070 1577 abstracta
1117 1516 1372 1577 utantur
1427 1506 1746 1588 oratione,
1804 1515 1878 1575 ut
1908 1505 2155 1599 potius,
2212 1507 2393 1577 sicuti
2448 1530 2669 1577 omnes

415 1609 719 1695 bomineS‚
764 1612 868 1708 qui
913 1613 1307 1683 inferioribus
1353 1613 1637 1682 culturae
1685 1610 1981 1704 gradibus
2026 1611 2335 1696 insistunt,
2380 1612 2671 1703 imagini-

418 1715 534 1786 bus
581 1727 652 1788 ut
696 1718 910 1789 dicunt
953 1719 1258 1789 concretis
1303 1717 1451 1786 mibi
1497 1717 1824 1787 videantur
1852 1714 2197 1787 abundare.
2265 1718 2471 1789 Verba
2504 1718 2669 1789 enim

417 1821 620 1915 Sinica
664 1824 965 1917 imagines
1009 1825 1214 1919 potius
1261 1823 1618 1917 exprimere
1663 1822 1955 1892 videntur
2001 1833 2196 1905 totaS‚
2240 1847 2427 1919 quam
2474 1848 2667 1919 sepa-

405 1938 580 1999 ratas
627 1929 1093 2025 abstractasque
1141 1930 1560 2022 cogitationes.
1654 1930 1789 1997 Nos
1833 1927 2085 2021 quidem
2142 1953 2339 2023 quum
2396 1931 2671 2002 dicamus

424 2049 808 2127 „maynum“
832 2090 851 2119 ‚
917 2035 1082 2130 quod
1132 2062 1165 2106 a
1225 2035 1433 2105 radice
1501 2036 1720 2116 „mah“
1788 2058 2058 2107 cresccre
2103 2036 2407 2127 originem
2466 2037 2669 2121 ducit,

415 2154 632 2213 mente
686 2144 1054 2239 qualitatem
1113 2141 1433 2213 crescendi
1479 2166 1515 2211 a
1573 2164 1646 2210 re
1704 2142 2009 2211 crescenti
2066 2164 2444 2235 separamus,
2538 2144 2669 2214 Sed

417 2249 712 2320 Sinenses
755 2274 948 2345 quum
997 2248 1204 2319 dicunt
1249 2252 1316 2319 ιά
1361 2251 1433 2333 (3
1455 2254 1522 2342 q)
1567 2248 1901 2339 imaginem
1945 2249 2037 2317 rei
2082 2248 2417 2318 crescentis
2464 2250 2669 2320 animo

415 2356 724 2448 effingunt
771 2367 836 2426 et
880 2355 1224 2425 secundum
1271 2355 1575 2423 sermonis
1623 2365 1988 2425 contextum
2036 2365 2144 2425 aut
2187 2378 2323 2424 rem
2367 2365 2476 2425 aut
2504 2380 2669 2450 qua-

415 2460 670 2539 litatem,
719 2472 828 2537 aut
871 2462 1179 2531 actionem
1238 2470 1348 2530 aut
1391 2460 1651 2530 actionis
1698 2484 1949 2531 causam
1995 2470 2244 2552 urgent.
2334 2461 2553 2544 Quare
2602 2466 2670 2533 τά

417 2565 628 2636 dicunt
657 2567 1004 2658 significare
1050 2590 1266 2661 posse:
1311 2590 1635 2657 maynum,
1682 2567 1995 2637 hominem
2038 2590 2363 2657 maynum,
2409 2568 2668 2657 maqni-

417 2674 726 2755 tudinem,
771 2699 1074 2756 crescere,
1133 2698 1381 2765 auqerc,
1429 2674 1577 2741 alia.
1649 2674 1791 2742 Vox
1826 2672 1959 2766 ‘sin
2004 2678 2071 2761 (1
2100 2679 2159 2759 s)
2205 2673 2413 2743 valere
2457 2684 2669 2767 potest

413 2780 759 2861 hominem,
806 2783 1121 2851 hominem
1167 2804 1327 2861 esse,
1375 2795 1688 2871 tanquam
1729 2780 2046 2849 hominem
2092 2802 2157 2847 sc
2197 2802 2411 2869 ρον-οη
2453 2780 2669 2869 (ctiam

415 2889 493 2956 dc
521 2889 911 2957 animalibus
957 2910 1122 2979 quae
1167 2900 1363 2955 erecto
1411 2910 1679 2979 corpore
1722 2887 2067 2977 incedunt),
2128 2887 2368 2980 efficere
2418 2898 2491 2954 ut
2548 2887 2667 2954 aci·
2779 2916 2783 2920 ·

415 2994 564 3083 quis
608 3008 919 3084 tanquam
963 2993 1278 3061 hominem
1325 3018 1389 3061 se
1431 3007 1641 3082 yerat,
1687 2993 2010 3063 humanus
2024 3046 2042 3077 ,
2088 2994 2365 3061 humane
2378 3043 2395 3073 ,
2440 2992 2669 3060 huma·-

413 3099 677 3168 nitatem
725 3100 1032 3193 (quamvis
1069 3097 1202 3191 ‘sin
1250 3120 1392 3171 cum
1437 3098 1552 3167 bac
1584 3097 2031 3189 significatione
2076 3099 2255 3168 aliter
2300 3100 2369 3183 (5
2397 3103 2461 3183 v)
2506 3098 2667 3168 scri-

412 3203 648 3291 batur),
691 3206 1048 3276 humaniter
1095 3219 1388 3277 tractare.
1482 3203 1674 3286 Quod
1728 3201 2040 3298 quomodo
2086 3204 2221 3273 fieri
2268 3213 2510 3297 posset,
2556 3203 2671 3273 nisi

415 3310 712 3381 Sinenses
772 3312 892 3382 hoc
948 3311 1140 3381 verbo
1197 3321 1392 3381 totam
1459 3310 1721 3380 hominis
1777 3309 2065 3380 omnibus
2137 3308 2363 3378 viribus
2426 3310 2669 3399 agentis

413 3417 750 3508 imaginem
795 3416 1269 3487 describerent?
1315 3419 1458 3486 Non
1505 3415 1709 3487 minus
1754 3415 2091 3485 enunciant
2132 3414 2430 3485 Sinenses
2475 3438 2669 3509 quum

413 3524 778 3618 loquantur,
833 3524 944 3593 sed
991 3525 1130 3617 plus
1175 3546 1360 3617 quam
1407 3524 1825 3593 necessarium
1872 3531 1999 3603 est,
2054 3544 2246 3615 quum
2293 3520 2496 3591 verbis
2542 3546 2665 3591 non

415 3640 488 3699 ut
532 3654 647 3699 nos
689 3630 997 3700 abstracta
1043 3630 1377 3721 imaginum
1425 3631 1738 3700 elementa
1782 3627 2057 3708 edicant,
2113 3650 2276 3722 quae
2334 3650 2475 3696 cum
2534 3628 2669 3696 aliis

413 3734 491 3804 ad
540 3758 758 3805 novam
805 3736 1142 3827 imaginem
1189 3736 1657 3829 exprimendam
1705 3736 2179 3827 conjungantur,
2226 3732 2337 3802 sed
2367 3733 2667 3825 imagines
2792 3750 2797 3755 “

413 3850 577 3910 totas
626 3842 974 3913 enuncient.
1070 3845 1289 3926 Quare
1333 3841 1468 3911 fieri
1515 3852 1743 3936 potest,
1792 3852 1862 3909 ut
1906 3842 1955 3909 si
2000 3840 2249 3909 auditur
2293 3841 2389 3909 vel
2438 3841 2669 3932 legitur

417 3948 676 4017 verbum
723 3948 995 4020 Sinicum
1043 3956 1098 4019 εἴ
1139 3952 1208 4035 (9
1235 3954 1329 4035 a),
1388 3948 1554 4043 quod
1612 3946 2003 4017 obscuritatis
2058 3946 2295 4015 mundo
2352 3947 2667 4017 obductae

415 4050 747 4141 imaginem
791 4062 1246 4150 repraesentat,
1293 4074 1374 4125 ex
1421 4056 1538 4124 hac
1585 4054 1785 4147 aliqua
1833 4053 2014 4134 actio,
2061 4075 2222 4146 quae
2267 4052 2667 4123 in'obscuri-

415 4166 550 4226 tate·
601 4172 708 4231 aut
759 4161 1149 4233 obscuritatis
1203 4173 1490 4254 tempore
1547 4161 1653 4241 fit,
1714 4159 1791 4229 sit
1852 4146 2275 4251 excipiendas
2325 4159 2546 4251 ltaque
2608 4163 2670 4227 ἐἴ

417 4263 744 4357 aliquando
790 4266 1181 4339 reddendum
1229 4280 1353 4338 est:
1400 4260 1644 4359 vesperi
1688 4288 1989 4359 apparere
2034 4264 2404 4360 imperatori.
2494 4266 2665 4334 Ver-

415 4368 567 4439 bum
618 4366 817 4463 ‘c'dnq
859 4375 930 4460 (9
955 4375 1024 4459 b)
1083 4373 1360 4468 depingit
1429 4374 1698 4469 aliquem
1764 4370 1988 4443 baculo
2044 4380 2331 4440 utentem
2389 4379 2455 4440 et
2510 4372 2666 4441 verti

413 4487 651 4571 potest:
699 4479 998 4562 baculum
1037 4503 1240 4552 manu
1277 4496 1514 4561 tenere,
1563 4480 1791 4552 baculo
1843 4480 2229 4557 incumbere,
2291 4479 2517 4548 baculo
2559 4481 2663 4570 fc-
