3225 5259
1664 284 1753 355 58

577 474 778 549 bium
832 476 1026 569 yoloh
1070 476 1153 548 ak
1197 478 1306 569 169
1347 510 1434 539 =
1475 478 1675 549 -simia
1732 492 1789 548 et
1836 481 2045 571 lepus,
2112 489 2179 550 et
2232 468 2313 551 R.
2370 488 2659 563 annotat,
2714 480 2837 553 diei

580 583 770 653 etiam
817 606 1033 676 posse:
1089 584 1398 675 yoloh-qe
1441 586 1524 653 ale
1568 586 1809 675 loy-be.
1903 584 2093 670 Quod
2152 585 2393 656 etiamsi
2449 594 2697 657 rectum
2738 586 2841 667 ait,

577 697 791 758 tanen
841 689 962 761 hoc
1005 687 1086 759 ab
1131 688 1240 758 iilo
1289 712 1412 758 non
1459 691 1544 759 ita
1591 700 1690 761 est
1734 689 2047 761 diversum
2092 702 2167 762 ut
2212 700 2497 763 nostrum
2528 693 2841 765 dau-Base

580 793 662 865 ab
709 795 811 864 ein
841 796 1037 865 Hase.
1125 798 1289 866 Nam
1333 818 1530 890 quum
1577 800 1691 869 der
1721 798 1899 868 Hase
1942 798 2239 869 universe
2280 797 2545 879 dicatur,
2590 798 2841 888 loy-be

578 910 826 971 certum
871 902 1040 971 vaiet
1093 900 1412 995 «piendam
1465 902 1751 994 leporem
1808 925 1847 973 a
1902 902 2085 973 nobis
2142 914 2479 975 remotum.
2568 905 2643 973 In
2702 904 2840 996 ipsa

512 1015 524 1025 ‘
579 1007 938 1080 narratione
985 1029 1120 1089 nos,
1165 1030 1360 1101 quum
1407 1030 1744 1101 person-am
1791 1019 1901 1078 aut
1943 1030 2081 1079 rem
2126 1008 2595 1081 introducamus
2614 1060 2635 1091 ,
2678 1010 2840 1079 erti-

577 1112 790 1181 euium
835 1112 1195 1196 omittimus,
1223 1136 1438 1207 quum
1469 1114 1701 1183 iterum
1734 1136 2323 1196 commemoremus,
2370 1137 2506 1185 eam
2539 1123 2839 1207 tanquam

578 1226 792 1287 notan
826 1219 1091 1289 articulo
1125 1219 1511 1289 instruimus.
1569 1218 1701 1290 Sed
1732 1220 1929 1289 Jolofi·
1952 1220 2197 1291 simiam
2230 1232 2297 1294 et
2329 1222 2609 1314 leporem
2640 1242 2837 1314 quum

578 1323 850 1417 primum
915 1323 977 1393 in
1049 1324 1258 1395 sabuia
1327 1335 1873 1408 commemorent,
1918 1334 2197 1419 ponunt
2251 1327 2631 1418 'pronomina
2698 1327 2838 1403 ista,

577 1422 1171 1522 postea-omittunt,
1229 1432 1524 1525 quoniam
1581 1433 1731 1502 satis
1777 1430 2109 1503 videbatur
2165 1431 2229 1499 in
2275 1430 2449 1501 initio
2498 1429 2711 1501 dicere
2756 1430 2839 1501 de

575 1556 706 1627 qno
745 1533 968 1627 lepore
1015 1534 1240 1605 dicturi
1287 1547 1521 1607 essent.
1590 1538 1681 1607 At
1722 1539 2096 1632 plerumque
2142 1537 2407 1607 fortasse
2455 1536 2574 1607 ista
2596 1535 2695 1611 =ad
2726 1556 2837 1609 ca-

576 1638 852 1730 tegorias
897 1642 1332 1731 grammaticas
1380 1642 1823 1725 enunciandas,
1871 1653 1981 1714 aut
2010 1652 2209 1725 certe,
2252 1642 2303 1711 si
2328 1642 2460 1734 jam
2490 1643 2613 1713 alio
2640 1640 2837 1714 modo

577 1744 904 1815 notionum
947 1746 1208 1817 rationis
1255 1749 1580 1843 expressio
1624 1748 1853 1819 effecta
1908 1758 2037 1831 est,
2066 1748 2173 1819 .ad
2222 1770 2361 1819 eam
2406 1746 2837 1819 corroboran-

577 1848 722 1919 dam
767 1850 1179 1933 adhibentur;
1227 1874 1285 1923 e.
1309 1877 1366 1924 c.
1396 1856 1509 1940 (D.
1545 1856 1704 1941 108)
1748 1860 1894 1924 amb
1918 1878 2013 1925 na
2040 1858 2216 1925 dabo
2245 1856 2329 1924 ba
2364 1854 2470 1946 J’ai
2500 1853 2561 1923 la
2590 1853 2837 1945 pioche,

577 1954 644 2025 id
687 1964 788 2025 est
825 1959 1124 2047 possideo
1181 1959 1280 2029 vei
1339 1960 1490 2029 mihi
1549 1976 1641 2031 est
1699 1969 1993 2031 rastrum.
2084 1959 2218 2031 Sed
2278 1961 2327 2029 si
2380 1959 2595 2029 dicere
2652 1957 2835 2031 veiis:

579 2074 755 2131 unco
801 2084 1032 2146 mu,
1092 2087 1218 2134 non
1274 2064 1529 2147 dubito,
1587 2068 1737 2160 quin
1798 2066 2010 2137 dicere
2065 2076 2135 2136 te
2192 2073 2513 2159 oporteat:
2568 2087 2683 2135 ma
2736 2064 2835 2135 vel

577 2186 826 2258 manga
869 2173 1014 2239 am&
1053 2172 1228 2241 dabo
1283 2173 1384 2253 bi3
1439 2172 1678 2243 seilicet
1734 2171 1905 2265 quod
1962 2182 2155 2245 teneo
2210 2174 2422 2252 adest,
2489 2168 2601 2240 red
2662 2168 2835 2263 quod

577 2270 892 2363 possideo,
941 2272 1169 2345 abesse
1208 2287 1440 2369 potest.
1531 2281 1669 2349 Nos
1713 2290 1926 2349 autem
1973 2277 2075 2347 hic
2134 2298 2334 2371 quum.
2374 2276 2441 2364 in
2490 2298 2568 2347 eo
2613 2296 2835 2349 verse-

579 2396 744 2458 mur,
786 2377 960 2471 quod
1007 2382 1391 2473 pronominis
1434 2383 1681 2454 relativi
1718 2386 1778 2454 in
1816 2382 2231 2477 exprimendo
2266 2381 2573 2454 attributo
2610 2382 2731 2451 vim
2754 2391 2837 2457 (εἰ

579 2491 868 2552 naturam
915 2487 1323 2579 exponimus,
1381 2488 1462 2559 de
1517 2489 1639 2562 inis
1674 2490 1768 2560 ita
1814 2496 2058 2559 tantum
2105 2489 2473 2582 loquemur,
2532 2497 2834 2584 quantum

577 2608 657 2657 ea
701 2596 1000 2683 tanquam
1045 2596 1418 2686 pronomina
1460 2596 1725 2666 relativa·
1762 2595 2131 2665 attributum
2180 2594 2505 2664 denotant.

757 2696 1108 2791 Praecipue
1153 2710 1366 2770 autem
1415 2704 1521 2784 bu,
1565 2726 1656 2791 qu
1686 2711 1807 2771 etc.
1838 2698 2115 2792 denique
2142 2699 2373 2769 vocalis
2402 2702 2452 2767 α’
2478 2700 2580 2769 hic
2612 2699 2693 2769 ad
2722 2718 2835 2773 nos

580 2799 876 2890 pertinet,
911 2826 1078 2897 quae
1115 2805 1294 2875 facile
1327 2805 1837 2899 frequentissime
1869 2804 2035 2873 inter
2071 2804 2345 2875 tria.ista
2366 2802 2837 2882 adhibemur·—

577 2903 682 2973 Ac
721 2904 994 2998 primum
1038 2910 1290 3003 quidem
1337 2910 1684 2981 notandum
1737 2910 1987 2983 videtur
2044 2908 2573 3004 praepositionem
2608 2934 2665 2981 u
2704 2913 2836 2997 (de,

579 3012 690 3093 du,
737 3012 814 3081 do
859 3014 928 3082 la
954 3016 1034 3083 R.
1064 3019 1204 3084 111.
1239 3019 1321 3087 D.
1351 3020 1506 3106 100)
1551 3040 1675 3112 qua
1720 3018 2034 3108 genitivus
2081 3017 2649 3099 circumscribitur,-
2676 3040 2835 3110 pm·-

579 3114 720 3207 prie
765 3136 905 3187 esse
953 3118 1510 3193 demonstrativum
1555 3124 1719 3193 istud
1752 3148 1817 3193 u.
1909 3122 2041 3193 Res
2087 3121 2402 3204 videlicet,
2450 3146 2532 3193 ex
2560 3146 2692 3217 qna
2716 3122 2837 3195 alia
2942 3151 2951 3157 ·

580 3220 862 3311 gignitur
907 3227 1003 3296 vei
1051 3229 1357 3321 provenit,
1403 3252 1576 3324 quae
1613 3229 1695 3299 ad
1743 3229 1927 3299 aliam
1972 3228 2282 3323 pertinet,
2328 3238 2478 3321 apte
2521 3228 2609 3299 ita
2650 3250 2837 3322 posse

575 3327 846 3418 cogitari
893 3330 1156 3414 videtur,
1201 3345 1276 3404 ut
1320 3335 1470 3404 huic
1511 3335 1596 3403 sit
1638 3335 2012 3429 propinqua.
2103 3334 2345 3405 Dicunt
2386 3333 2606 3424 igitur:
2660 3334 2839 3403 mbai

579 3454 630 3500 u
673 3435 839 3505 dom-
869 3468 958 3497 ==
993 3452 1184 3529 pater
1223 3439 1367 3535 ficii.
1461 3442 1683 3524 Quare
1727 3462 1921 3533 quum
1967 3464 2015 3509 u
2058 3440 2262 3534 ipsum
2310 3439 2393 3508 sit
2434 3437 2836 3509 demonstra-

541 3538 804 3624 -tivum‚
850 3542 1015 3612 aliud
1063 3568 1412 3637 pronomen
1460 3546 1849 3640 superfluum
1895 3555 2024 3628 est,
2082 3568 2461 3639 semperque
2506 3542 2838 3615 omittitur.

577 3647 844 3721 Minime
885 3648 1077 3743 igitur
1121 3649 1244 3720 dici
1286 3659 1499 3743 potest
1541 3653 1719 3723 mbai
1762 3656 1847 3723 ba
1878 3652 2001 3743 (bi,
2036 3653 2147 3744 bu)
2178 3676 2227 3721 u
2257 3654 2428 3733 dom,
2473 3648 2617 3724 sed·
2664 3649 2841 3719 mbai

578 3776 656 3825 οι
671 3756 824 3823 dom
867 3755 957 3821 da
1013 3754 1132 3843 (ἀί,
1178 3756 1318 3846 du).
1425 3758 1587 3829 Nem
1643 3760 1817 3853 filius
1876 3758 2080 3850 (dom)
2141 3754 2394 3852 quidem
2453 3756 2839 3850 propinquus

579 3868 692 3926 aut
731 3866 1018 3927 'remotus
1065 3882 1206 3931 esse
1253 3871 1470 3953 potest
1509 3888 1548 3933 a
1592 3886 1869 3957 persona
1912 3887 2075 3958 quae
2122 3862 2435 3956 loquitur;
2476 3860 2591 3931 sed
2634 3869 2840 3952 peter.

579 3960 690 4057 qui
734 3962 1078 4055 genitivum
1125 3966 1378 4061 accipit,
1415 3968 1569 4039 huic
1613 3968 1885 4062 genitivo
1930 3990 2183 4062 semper
2226 3966 2615 4061 propinquus
2660 3962 2837 4054 cogi·-

579 4070 1083 4169 tumultuque
1127 4074 1306 4143 mbai
1347 4098 1395 4142 u
1441 4076 1591 4145 dom
1648 4084 1746 4146 est
1794 4074 2078 4169 proprie.
2127 4088 2317 4167 pater
2375 4074 2491 4145 iste
2547 4070 2837 4167 (propiu-

579 4196 766 4268 quus,
808 4198 1004 4269 quum
1050 4178 1447 4270 respiciatur)
1489 4181 1685 4273 filius.

757 4282 928 4351 Tum
970 4304 1120 4353 vero
1165 4308 1214 4357 u
1257 4285 1552 4356 universe
1596 4285 1877 4357 attributi
1924 4292 2023 4355 est
2066 4284 2339 4375 signum.
2416 4286 2595 4357 Dom
2636 4279 2836 4371 signi-

580 4383 727 4455 ficat
770 4385 1092 4473 infantem,
1138 4393 1290 4461 dom
1334 4413 1381 4459 u
1410 4413 1530 4480 ρον
1574 4389 1876 4459 infantem
1922 4389 2159 4459 virilem
2208 4396 2305 4476 (et
2334 4389 2633 4460 infantem
2676 4384 2835 4471 n'ri}
