3225 5259
1618 319 1701 386 14

529 513 676 600 rire,
725 513 1039 582 baculum.
1111 512 1320 594 Quam
1363 520 1538 580 recte
1587 533 1739 580 vero
1784 507 2103 603 opinatum
2146 511 2253 592 sit,
2299 509 2499 602 verba
2532 509 2615 578 ita
2656 531 2779 600 ge-

531 618 656 689 nita
703 639 862 699 esse,
909 629 982 688 ut
1023 616 1306 688 homiues
1336 616 1741 711 impulsiones
1774 615 2165 686 extrinsecus
2195 616 2433 687 oblatas
2464 637 2621 684 sono
2654 637 2773 684 ex-

530 725 800 819 primere
847 721 1212 804 studerent,
1269 721 1621 816 eodemque
1680 745 1835 792 sono
1881 745 2019 804 res,
2078 721 2302 816 quibus
2360 721 2518 816 pulsi
2544 731 2779 805 ,erant,

533 831 945 911 nominarent,
989 828 1179 900 verba
1211 827 1416 898 Sinica
1462 827 1713 908 docent,
1758 850 1921 922 quae
1970 828 2173 898 adhuc
2213 829 2457 923 saepius
2488 850 2629 896 eam
2660 828 2779 909 ha·-

537 935 692 1005 bent
723 935 862 1016 vim,
909 946 981 1005 ut
1011 958 1136 1005 non
1167 933 1360 1004 modo
1390 956 1514 1015 res,
1547 932 1660 1004 sed
1696 934 1883 1003 etiam
1916 934 2230 1028 appulsus,
2262 957 2421 1030 quos
2452 934 2779 1013 sensimus,

534 1039 902 1132 significent,
971 1042 1194 1136 ltaque
1235 1037 1364 1112 ‘sen
1397 1040 1470 1126 (2
1493 1039 1552 1126 f)
1597 1062 1717 1108 non
1750 1040 1936 1108 modo
1980 1039 2291 1130 significat
2320 1043 2577 1122 bonum,
2624 1041 2783 1132 quid

535 1148 719 1228 boni,
765 1149 1087 1227 virtutem,
1123 1151 1476 1240 perfectum
1518 1147 1809 1225 reddere,
1858 1143 1972 1214 sed
2018 1145 2204 1216 etiam
2251 1169 2469 1220 amare
2516 1156 2582 1216 et
2629 1149 2779 1216 lau-

533 1255 712 1333 dare,
757 1253 900 1346 quia
946 1252 1093 1326 boni
1140 1253 1212 1323 ac
1258 1251 1522 1346 perfecti
1577 1251 1880 1345 adspectu
1938 1250 2041 1322 ad·
2072 1274 2349 1322 amorem
2406 1254 2783 1348 laudemque

532 1359 853 1452 pellimur3
899 1370 1136 1440 contra,
1182 1382 1344 1454 quae
1387 1359 1582 1427 inane
1625 1367 1689 1427 et
1717 1359 1958 1426 malum
1988 1355 2355 1448 significant,
2400 1369 2473 1430 ut
2498 1362 2587 1452 fet
2616 1361 2689 1449 (2
2711 1365 2783 1443 u)

533 1465 947 1554 improbandi
991 1474 1057 1533 et
1103 1466 1240 1534 odii
1281 1476 1350 1534 et
1392 1465 1775 1554 despiciendi
1830 1461 2064 1532 habent
2108 1463 2247 1531 vim.
2338 1467 2517 1534 Haec
2560 1475 2783 1536 autem

535 1569 920 1662 significatio,
967 1591 1154 1662 quam
1201 1570 1398 1640 lexica
1443 1568 1697 1663 quidem
1738 1577 2076 1640 recensent
2116 1568 2479 1653 secundam,
2526 1595 2597 1641 re
2637 1593 2785 1642 vera

537 1687 636 1746 est
681 1675 897 1768 prima,
945 1686 1011 1745 et
1051 1678 1142 1768 fei
1190 1676 1356 1769 prius
1401 1674 1923 1768 improbationem
1942 1645 2303 1768 ffpfui!
2342 1679 2469 1772 fil)
2518 1701 2783 1770 expres·-

536 1784 636 1863 sit‚
683 1805 871 1876 quam
916 1782 1079 1850 nihil
1121 1791 1228 1851 aut
1271 1783 1542 1862 malum,
1598 1781 1696 1852 vel
1745 1781 1949 1872 potius
1996 1805 2248 1851 sensum
2296 1785 2597 1878 appellat,
2658 1808 2783 1878 quo

537 1890 638 1960 reiv
675 1886 896 1958 foedae
944 1895 1198 1980 aspectu
1245 1887 1552 1979 pellimur.
1627 1890 1844 1971 Quare
1892 1888 2255 1960 scholiastes
2286 1889 2546 1968 Siuieus,
2594 1910 2787 1984 quum

537 1994 839 2086 adjectiva
887 1991 1158 2085 explicet
1203 1994 1776 2085 onomatopoetiea,
1822 1993 2047 2087 quibus
2092 2016 2549 2087 saepenumero
2598 1999 2659 2065 in
2706 1996 2783 2064 li-

537 2101 663 2171 bris
709 2099 896 2170 sacris
941 2099 1346 2181 occurrimus,
1392 2100 1591 2169 utitur
1638 2099 1831 2170 verbo
1876 2104 2025 2169 mdo
2074 2103 2145 2186 (8
2169 2108 2262 2188 x),
2310 2125 2433 2196 quo
2480 2101 2623 2171 dicit
2668 2101 2785 2170 ad-

531 2205 755 2299 jectiva
801 2205 956 2276 haec
1002 2205 1308 2275 denotare
1357 2206 1707 2298 appulsum,
1752 2229 1879 2298 quo
1928 2206 2061 2298 ejus
2104 2209 2196 2276 rei
2244 2208 2319 2276 ad
2368 2231 2551 2301 quam
2581 2206 2781 2300 perti-

540 2321 695 2382 nent
738 2321 994 2405 aspectu
1041 2311 1343 2405 pellimur.
1418 2313 1629 2394 Quam
1674 2311 1759 2381 ob
1803 2334 1939 2380 rem
1971 2311 2157 2382 verba
2190 2314 2395 2384 Sinica
2440 2337 2632 2408 quum
2662 2313 2787 2383 im-

542 2417 858 2514 pulsiones
902 2417 1168 2509 imagine
1216 2417 1453 2490 oblatas
1501 2415 1872 2510 exprimant,
1920 2443 2043 2488 non
2084 2420 2310 2489 mirum
2352 2421 2593 2490 videtur
2622 2419 2791 2514 quod

540 2535 702 2594 totas
747 2547 960 2594 rerum
1009 2534 1074 2593 et
1117 2523 1428 2594 actionum
1473 2523 1779 2612 imagines
1826 2521 2171 2618 depingunt
2225 2537 2293 2596 vet
2337 2527 2535 2596 unum
2580 2526 2791 2620 quod-

539 2653 665 2724 que
723 2639 922 2701 totam
993 2631 1273 2701 continet
1343 2628 1865 2701 enunciationem.
1957 2631 2013 2698 E
2083 2630 2306 2724 quibus
2364 2633 2639 2723 linguam
2682 2633 2789 2702 si·-

541 2736 738 2805 nicam
785 2745 960 2829 patet
1005 2760 1129 2806 non
1178 2735 1412 2808 habere
1460 2733 1649 2808 verba
1697 2745 1767 2804 ut
1813 2745 2043 2805 nostra.
2112 2739 2274 2806 Nam
2318 2738 2377 2806 in
2428 2763 2502 2809 ea
2548 2739 2789 2832 simpli-

543 2843 782 2912 cissima
828 2842 1180 2912 enunciatio
1241 2865 1366 2912 non
1425 2842 1486 2910 iu
1543 2839 1731 2910 verba
1790 2839 1905 2910 sed
1958 2843 2021 2911 in
2076 2845 2429 2938 complures
2486 2845 2791 2914 enuncia-

541 2950 770 3029 tiones,
817 2947 964 3018 alias
1009 2947 1136 3024 aliis
1183 2947 1509 3041 appositas,
1558 2943 1861 3016 dilabitur.
1954 2950 2179 3044 Itaque
2222 2954 2301 3043 fvt
2346 2952 2471 3021 ὴαό
2520 2948 2595 3042 eg)
2636 2955 2710 3038 (8
2731 2976 2789 3044 y,

541 3059 586 3124 8
607 3079 660 3137 r,
695 3059 728 3123 1
759 3060 828 3140 ο)
865 3067 1056 3144 pater
1102 3066 1278 3122 amat
1314 3054 1522 3148 filium
1552 3052 1899 3122 accuratius
1933 3065 2029 3125 est
2058 3056 2462 3127 vertendum:
2510 3057 2635 3146 (hic
2666 3065 2793 3143 est)

539 3176 742 3252 pater,
791 3159 995 3253 aliquo
1042 3158 1208 3228 bono
1240 3158 1492 3251 pellitur
1521 3158 1618 3229 vel
1652 3174 1844 3240 amat,
1876 3160 2006 3245 (ille
2040 3165 2163 3248 est)
2187 3162 2383 3257 filius.
2469 3167 2629 3236 Nam
2674 3159 2793 3232 hae

545 3278 676 3340 tres
730 3274 879 3336 sunt
935 3264 1440 3346 enunciationes,
1498 3287 1651 3359 quas
1709 3267 2183 3346 nominavimus,
2252 3267 2793 3341 demonstrativae.

543 3395 806 3466 quarum
851 3370 1206 3463 conjunctio
1256 3383 1353 3442 est
1397 3371 1755 3465 supplenda.

721 3480 939 3561 Quare
983 3500 1178 3572 quum
1226 3501 1412 3547 omne
1459 3479 1719 3550 verbum
1765 3480 1995 3550 formet
2038 3478 2501 3572 quodammodo
2550 3480 2791 3550 oratio-

545 3607 690 3654 nem
737 3583 1068 3679 quandam,
1116 3592 1326 3675 partes
1355 3583 1652 3656 orationis
1682 3586 1897 3677 lingua
1930 3584 2138 3655 Sinica
2174 3609 2297 3655 non
2330 3583 2539 3656 habet.
2599 3587 2793 3670 Quod

545 3713 696 3762 vero
755 3690 1002 3772 dicunt,
1061 3689 1490 3778 grammaticas
1551 3693 1809 3762 actionis
1865 3705 1933 3764 et
1997 3693 2385 3763 substantiae
2442 3692 2793 3783 categorias

545 3806 842 3866 accentus
883 3794 1229 3866 mutatione
1275 3794 1562 3880 indicari,
1607 3799 1995 3868 monendum
2041 3807 2171 3880 est,
2217 3797 2275 3867 id
2326 3799 2573 3867 minime
2620 3821 2794 3868 sem-

545 3925 659 3997 per
705 3901 869 3981 fieri;
917 3912 1246 3972 accentum
1293 3911 1504 3973 autem
1546 3903 1608 3972 in
1658 3902 1870 3994 lingua
1902 3904 2108 3975 Sinica
2156 3904 2408 3973 omnino
2440 3903 2621 3973 aliter
2652 3926 2797 3974 sese

545 4007 780 4102 habere
826 4016 1016 4101 atque
1063 4008 1122 4074 in
1171 4008 1302 4078 aliis
1349 4008 1602 4099 linguis,
1660 4031 1857 4102 quum
1912 4033 2036 4080 non
2095 4009 2290 4080 variet
2345 4009 2795 4105 aliquantulum

546 4116 788 4184 vocales
847 4113 958 4182 sed
1015 4113 1208 4207 ipsam
1268 4135 1484 4184 earum
1541 4115 1877 4186 constituat
1929 4127 2215 4186 naturam
2262 4117 2380 4198 ita,
2440 4125 2513 4186 ut
2554 4127 2795 4188 mutato

547 4230 810 4289 accentu
855 4219 1077 4290 vocalis
1123 4243 1374 4316 quoque
1421 4220 1604 4314 plane
1650 4221 1757 4292 fiat
1804 4222 1922 4293 alia
1954 4221 2597 4319 significationemque
2627 4221 2793 4291 vocis

549 4325 800 4396 omnino
829 4335 1052 4396 mutet.
1102 4328 1318 4410 Quare
1359 4334 1613 4419 „nodum
1652 4353 1773 4400 rex
1816 4339 1883 4399 et
1936 4331 2195 4422 ,wdnff
2232 4353 2445 4422 reuera
2473 4331 2548 4417 (2
2566 4334 2635 4423 p)
2666 4326 2795 4396 duo

548 4432 734 4504 verba
792 4434 1064 4526 quamvis
1123 4431 1402 4524 ejusdem
1459 4434 1711 4523 originis
1756 4457 1989 4507 censeo
2048 4435 2355 4509 habenda.
2446 4437 2533 4504 Et
2589 4434 2795 4528 ipsum
