3225 5259
1461 346 1546 413 65

380 539 654 609 veniunt.
721 538 888 607 Sunt
929 547 1142 607 autem
1190 538 1355 631 apud
1401 540 1809 609 Bescbuanos
1854 541 2041 611 haec.
2090 543 2143 611 le
2172 542 2283 635 (pl.
2302 504 2495 629 ⁴ma)‚·
2484 566 2624 611 mo

377 648 494 739 (pl.
540 649 665 730 ba),
713 669 778 713 se
823 644 936 737 (pl.
975 646 1070 731 li),
1095 648 1197 714 bo
1243 646 1356 739 (pl.
1393 652 1558 733 ma),
1618 629 1783 738 apud
1832 648 2197 737 Congenses
2258 659 2407 717 sunt
2462 657 2629 729 octo,

257 757 264 765 ’
377 774 544 844 quae
589 751 872 822 absoluta
920 774 1037 845 per
1079 772 1150 819 se
1197 774 1318 821 non
1367 752 1786 823 inveniuntur.
1862 751 2197 844 Adjectivis
2242 764 2455 823 autem
2500 754 2661 824 sive

378 858 438 927 in
501 858 798 927 attributo
848 858 976 927 sive
1031 858 1094 925 in
1153 858 1512 950 praedicato
1583 859 1753 929 idem
1826 859 2191 950 praefigitur
2256 880 2629 953 pronomen,

377 960 544 1058 quod
593 964 784 1034 habet
829 963 1284 1033 substantivum
1329 964 1408 1033 ad
1456 965 1623 1058 quod
1654 964 1951 1057 pertinet,
1998 976 2069 1034 ut
2098 967 2263 1059 apud
2294 991 2407 1035 nos
2438 966 2629 1037 etiam

377 1070 673 1162 adjectiva
721 1093 866 1139 cum
913 1068 1306 1139 substantivis
1363 1072 1564 1139 forma
1622 1079 1999 1157 congruunt.
2093 1073 2268 1141 Inter
2328 1072 2629 1143 substan-

375 1176 496 1245 tiva
544 1185 610 1247 et
653 1175 948 1267 adjectiva
993 1185 1326 1267 praeterea
1371 1176 1929 1245 demonstrativum
1985 1178 2079 1246 vel
2142 1177 2437 1247 articulus
2480 1178 2629 1271 qui·

379 1280 522 1351 dam
569 1282 984 1363 interseritur,
1029 1281 1135 1376 qui
1179 1282 1240 1351 in
1291 1282 1500 1371 lingua
1543 1283 1887 1353 Schuanica
1902 1286 1961 1369 *J
2006 1306 2257 1377 semper
2302 1294 2399 1353 est
2440 1282 2631 1365 idem,

378 1387 548 1481 quod
595 1387 976 1481 praefixum
1025 1411 1084 1457 e.
1117 1410 1171 1457 c.
1219 1392 1448 1481 se-fate
1491 1414 1558 1459 se
1601 1390 1877 1479 se-qolu,
1924 1392 2111 1459 arbre
2140 1390 2445 1479 le-qrcmd.
2472 1386 2631 1458 ‘Sed

377 1496 442 1563 in
490 1494 702 1584 lingua
733 1494 1052 1585 Congensi
1098 1517 1222 1563 non
1271 1516 1524 1587 semper
1571 1492 1945 1586 adjectivum
1976 1517 2117 1564 cum
2152 1494 2534 1564 substantivo
2566 1492 2629 1562 in

377 1602 513 1693 ipso
562 1598 823 1692 praefixi
871 1623 1026 1669 sono
1075 1601 1382 1669 convenit.
1448 1602 1847 1694 Quamquam
1894 1625 2083 1671 omne
2130 1601 2391 1689 nominis
2425 1614 2629 1692 'prae-

377 1706 576 1775 fixum
620 1713 864 1775 certum
909 1705 1226 1799 quoddam
1271 1706 1538 1797 requirit
1581 1706 1865 1797 adjectivi
1910 1708 2107 1800 praef.
2168 1708 2399 1807 ‚ltaque
2431 1727 2629 1799 quum

377 1811 572 1881 subst.
619 1811 848 1881 babeat
892 1836 923 1881 c
966 1812 1184 1904 praef„
1231 1810 1352 1901 adj.
1399 1834 1649 1904 semper
1694 1812 1887 1881 habet
1928 1819 2009 1894 ri,
2066 1835 2261 1904 quum
2306 1811 2505 1881 subst.
2548 1811 2631 1880 sit

376 1943 422 1988 η
465 1919 680 2010 prael„
727 1916 845 2009 adj.
893 1917 1085 1987 hab'et
1117 1917 1220 2008 ja.
1303 1916 1625 1987 Articulus
1670 1918 2330 2012 auteminterpositus
2376 1940 2627 2011 semper

377 2033 476 2093 est
499 2048 556 2107 a,
579 2022 748 2117 quod
777 2024 935 2093 miro
964 2022 1152 2093 modo
1183 2044 1328 2092 cum
1357 2023 1618 2093 articulo
1636 2023 2013 2094 Vasconicae
2042 2026 2295 2115 linguae
2322 2021 2629 2094 convenit.⁸

377 2132 504 2203 Sed
538 2132 684 2201 huic
714 2156 752 2199 α
781 2130 1224 2223 ipsiftanquam
1253 2129 1550 2199 attributo
1583 2152 1926 2222 pronomen
1959 2130 2341 2223 praefigitur.
2404 2132 2627 2223 ltaque

379 2237 620 2305 dicunt.
665 2238 776 2305 ku-
786 2236 1019 2305 sonelca
1062 2236 1185 2303 1ου-
1157 2259 1232 2304 -α
1276 2236 1539 2325 ku-inyi
1583 2234 1929 2327 scripturae
1974 2236 2241 2315 multae;
2290 2234 2435 2305 sed.
2492 2236 2627 2305 laus

375 2342 542 2413 bona
588 2374 674 2401 =
721 2343 991 2410 e-tondo
1036 2344 1126 2408 ri-
1098 2362 1174 2407 -a
1215 2341 1306 2409 ri·
1280 2355 1438 2418 ·;ote
1485 2339 1795 2409 cantilena
1831 2339 2107 2431 jucunda
2142 2390 2227 2402 --
2258 2343 2629 2433 mu-kunqa

375 2449 768 2538 ua-nqalelc.
856 2448 944 2515 At
1001 2446 1310 2514 nonnullis
1367 2444 1831 2539 pronominibus
1892 2446 2387 2517 demonstrativis
2434 2448 2624 2529 abso-

376 2555 520 2623 lutis
563 2564 860 2647 tanquam
907 2550 1236 2632 attributis,
1285 2561 1356 2619 ut
1402 2575 1461 2625 ο,
1509 2574 1542 2619 c
1580 2582 1666 2611 =
1710 2552 1825 2631 hic,
1871 2552 1953 2646 pl.
2003 2575 2063 2632 o,
2111 2578 2163 2633 e,
2208 2578 2361 2621 a--
2275 2586 2359 2599 ·--
2392 2556 2461 2623 hi
2502 2576 2625 2621 uo·-

377 2662 614 2731 minum
672 2658 948 2759 praefixa
993 2658 1407 2749 suffiguntur.
1465 2682 1554 2726 u,-
1568 2659 1767 2747 lunya
1826 2683 1917 2727 o-
1930 2682 1978 2726 u
2034 2658 2199 2747 navis
2258 2660 2433 2740 haec,
2490 2683 2625 2729 ma·-

377 2770 586 2838 bamla
627 2792 696 2837 α-
697 2791 800 2837 ma
844 2764 906 2835 hi
953 2764 1132 2844 rami,
1173 2788 1314 2833 ma
1287 2766 1528 2834 banda
1574 2788 1759 2835 o-mo
1804 2763 1903 2833 isti
1946 2764 2121 2833 rami.
2159 2808 2228 2819 --
2284 2767 2625 2837 Praeterea

375 2874 588 2965 lingua
635 2870 980 2961 Congensis
1039 2868 1198 2938 duos
1243 2870 1436 2941 habet
1490 2870 1780 2940 articulos
1844 2894 1905 2949 o,
1952 2895 2004 2950 e,
2064 2869 2169 2964 qui
2227 2894 2419 2966 quum
2464 2895 2623 2965 pro-

378 2980 510 3071 prie
553 2979 676 3047 sint
721 2973 1222 3056 demonstrativa,
1268 2976 1533 3046 absoluti
1579 2976 1929 3047 nominibus
1976 2987 2467 3070 praeponuntur.
2562 2976 2623 3049 Ο

373 3086 714 3175 maa-tonde
759 3106 1080 3153 ma-onso
1142 3082 1357 3151 laudes
1403 3106 1653 3163 omnes;
1700 3108 1737 3151 o
1784 3084 2015 3153 Itu-ria
2060 3084 2227 3153 o-lcu
2272 3083 2373 3180 hic
2416 3083 2623 3164 cibus:

377 3216 418 3260 ο
459 3190 706 3259 muleke
763 3188 878 3259 der
925 3187 1170 3257 Knabe.
1244 3190 1346 3257 D'e
1377 3192 1661 3282 'quorum
1706 3188 2129 3269 articulorum,
2178 3190 2515 3281 praepositi
2558 3201 2623 3261 et

375 3294 730 3387 interjecti,
809 3318 927 3365 usu
1009 3294 1210 3383 magis
1275 3293 1530 3365 definite
1599 3293 1810 3364 dicere
1879 3318 2003 3365 non
2075 3318 2345 3389 possum.
2458 3298 2623 3367 Nam
2706 3375 2713 3381 ,

375 3401 732 3472 Brusciotto
775 3426 810 3470 a
859 3400 1136 3470 Vetralla
1183 3399 1432 3491 saepius
1477 3400 1560 3468 ita
1609 3410 1707 3469 est
1759 3400 2097 3481 obscurus,
2154 3410 2407 3495 tamque
2464 3424 2621 3471 con·-

371 3507 516 3577 fuse
562 3508 771 3578 scribit
815 3530 890 3577 ac
931 3506 1260 3599 perplexe,
1309 3516 1380 3575 ut
1423 3506 1524 3575 vix
1569 3504 1811 3577 videam
1856 3507 2003 3600 quid
2049 3507 2287 3577 sentiat
2360 3507 2625 3577 Accedit

375 3612 542 3707 quod
589 3614 770 3683 latina
819 3613 1020 3683 utitur
1062 3612 1290 3703 ling'ua,
1336 3635 1458 3705 qua
1503 3611 1759 3682 subtiles
1804 3612 2075 3683 articulis
2104 3612 2371 3683 effectae
2404 3614 2623 3682 notio-

375 3740 526 3790 num
572 3720 942 3789 variationes
987 3716 1252 3810 exprimi
1299 3736 1424 3785 non
1469 3717 1740 3810 possint.-
1795 3717 1923 3787 Sed
1970 3719 2187 3838 opinor
2230 3717 2382 3787 illud
2429 3742 2619 3811 prae—

339 3826 646 3917 ‚positum
693 3850 765 3906 o,
812 3850 846 3893 e
887 3824 1084 3917 magis
1129 3846 1274 3895 cum
1323 3834 1538 3893 nostro
1582 3823 1843 3895 articulo
1884 3825 2231 3895 convenire
2276 3846 2465 3943 quam
2510 3848 2621 3895 ar-

375 3930 632 4000 ticulum
679 3932 848 4000 illum
895 3931 1059 4001 inter
1103 3928 1296 4001 subst.
1343 3940 1410 3999 et
1455 3929 1574 4021 adj.
1620 3928 2049 4021 interjectum,
2102 3930 2211 4023 qui
2254 3930 2451 4021 magis
2496 3954 2623 4021 ge·-

372 4036 588 4105 nerale
635 4037 880 4128 signum
925 4038 1252 4109 relativum
1299 4034 1598 4105 videatur.

517 4301 567 4367 *J
603 4296 748 4357 Nam
787 4320 851 4359 se
887 4304 969 4360 est
1003 4302 1307 4377 praefixum
1344 4304 1397 4359 et
1434 4306 1818 4377 compensatur
1854 4304 2037 4359 nostro
2074 4296 2195 4360 suff.
2232 4318 2319 4370 ca,
2356 4302 2418 4356 ιιι
2450 4300 2619 4374 praef.

375 4389 442 4445 be
475 4390 535 4445 in
570 4388 928 4447 Be-seltuam'
961 4390 1166 4449 suffixo
1203 4393 1226 4447 i
1259 4393 1362 4451 vel
1382 4392 1458 4449 ni.
1524 4390 1635 4448 Sed
1671 4392 1737 4449 be
1772 4405 1921 4448 nunc
1956 4388 2179 4489 quidem
2219 4391 2282 4445 ut
2316 4388 2487 4461 praes!
2510 4404 2621 4445 non

233 4464 248 4486 ⁶
299 4538 305 4550 ‚
366 4480 488 4549 jam
522 4478 816 4551 invenitur,
855 4478 964 4534 nisi
1001 4477 1066 4535 be
1101 4478 1175 4535 sit
1211 4478 1354 4535 idem
1395 4478 1544 4549 quod
1583 4479 1670 4537 ba.

2134 4569 2172 4630 5
