3225 5259
1646 331 1733 397 62

557 526 770 615 lingua
827 525 946 594 hoc
1003 545 1185 617 pron.
1233 523 1400 592 dern.
1447 522 1623 594 verbi
1684 521 2051 592 substantivi
2106 524 2350 617 accepit
2406 519 2815 612 significatio-

557 653 705 700 nem
729 640 822 700 'et
864 631 944 700 ad
985 640 1277 722 tempora
1324 627 1648 699 formanda
1696 627 2147 710 adhibebatur3
2202 630 2265 698 in
2314 627 2631 698 Sanscrita
2692 650 2815 697 au·-

556 745 690 806 tem
734 737 828 806 vel
881 734 1392 828 Indo-europaea
1409 785 1427 814 ,
1484 735 1668 827 hujus
1716 758 1759 804 a
1802 757 1999 828 quum
2046 733 2415 826 significatio
2460 733 2813 826 amplifica-

557 851 738 911 retur
780 841 879 911 vel
927 863 996 911 se
1043 840 1436 920 intenderet,
1495 841 1693 910 forma
1759 840 1949 909 etiam
2012 839 2383 932 amplificata
2444 847 2561 910 est.
2650 841 2817 910 Nam

557 969 702 1015 cum
745 947 1087 1018 demonstr.
1135 971 1173 1016 a
1217 945 1380 1015 aliud
1429 943 1769 1014 demonstr.
1812 948 1855 1036 s
1904 945 1982 1014 ad
2040 945 2302 1014 verbum
2361 943 2815 1015 substantivum

557 1055 638 1144 af
675 1053 1071 1122 efficiendum
1109 1054 1478 1144 junxerunt.
1570 1052 1795 1144 ltaque
1841 1051 2163 1142 augmenti
2211 1074 2254 1120 a
2298 1050 2815 1142 significationem

559 1166 766 1228 statuo
815 1181 954 1228 esse
1001 1158 1286 1251 propi-iet
1333 1158 1516 1239 illud,
1561 1158 1707 1238 illic,
1755 1169 1919 1226 tunc.
1964 1155 2157 1243 (ἔδων
2186 1187 2272 1216 z
2304 1171 2439 1226 tum
2484 1160 2649 1226 dans
2678 1179 2813 1249 090,

555 1249 648 1344 ἦν
675 1295 764 1324 ===
795 1279 928 1333 tum
973 1269 1163 1350 stan).
1235 1266 1308 1332 ln
1358 1263 1566 1354 lingua
1613 1260 1930 1332 Hebraica
1977 1261 2147 1332 idem
2195 1261 2536 1333 demonstr.
2583 1287 2624 1332 a
2670 1282 2815 1332 cum

561 1368 787 1438 eodem
829 1373 872 1461 s
899 1367 1189 1461 junctum
1237 1377 1367 1449 est,
1413 1368 1526 1438 sed
1575 1391 1698 1438 non
1746 1367 1825 1436 ad
1870 1368 2133 1438 verbum
2182 1367 2631 1438 substantivum
2680 1369 2815 1438 sor-

553 1475 858 1542 -mandum
903 1475 1015 1544 sed
1063 1473 1142 1544 ad
1189 1473 1793 1560 demonstrationem
1839 1473 2409 1545 corroborandam:
2468 1481 2555 1566 723
2612 1479 2695 1567 (if
2728 1505 2815 1534 π

561 1595 730 1662 tunc,
777 1602 940 1673 quae
985 1602 1108 1651 vox
1153 1581 1409 1650 omnino
1443 1580 1737 1670 congruit
1768 1601 1911 1648 cum
1940 1578 2153 1651 radice
2176 1582 2426 1650 Sanscr.
2460 1585 2542 1673 as
2554 1611 2640 1642 εει
2666 1603 2815 1650 esse.

559 1692 647 1777 ταῖς
693 1690 776 1778 cis
825 1695 1040 1756 autem
1091 1686 1158 1755 in
1221 1686 1448 1756 talibus
1496 1685 2192 1778 comprehensionibuS,
2249 1695 2324 1755 ut
2378 1682 2559 1780 ἾἿΨᾙ
2604 1693 2691 1779 ³23
2742 1689 2829 1778 ’ᾰῙ

546 1789 762 1884 jeis‘ir,
810 1797 1043 1874 cecinit,
1088 1815 1348 1885 prorsus
1394 1791 1683 1860 convenit
1728 1813 1869 1860 cum
1920 1815 1962 1860 a
2007 1791 2351 1882 augmenti.

737 1897 868 1966 Sed
915 1897 994 1966 ad
1042 1899 1350 1968 Oloficam
1401 1899 1678 1986 linguam
1725 1896 2082 1966 redeamus.
2160 1899 2669 1970 Demonstrativa
2713 1900 2815 1969 illa

559 2025 704 2072 cum
751 2003 1086 2096 participiis
1133 2003 1494 2094 conjuncta,
1552 2026 1747 2096 quum
1807 2003 1869 2070 in
1930 2003 2137 2094 capite
2183 2004 2587 2096 periodorum
2634 2007 2816 2077 inve-

561 2110 842 2193 niantur,
887 2108 965 2178 ad
1013 2110 1380 2203 nullumque
1427 2129 1658 2176 nomen
1707 2108 2086 2190 referantur,
2132 2109 2415 2179 attributi
2466 2113 2647 2202 signa
2694 2135 2817 2180 no-

559 2215 780 2284 minari
829 2237 951 2284 non
1003 2227 1284 2308 possunt,
1331 2214 1443 2284 sed
1475 2213 1947 2304 conjunctiones
1980 2213 2300 2294 relativae,
2347 2217 2545 2310 quare
2577 2217 2817 2287 initiale

557 2317 604 2390 'b
649 2341 972 2413 nunquam
1001 2331 1300 2390 mutatur.
1369 2321 1497 2391 Sed
1533 2320 1757 2391 eadem
1787 2317 2109 2413 participia
2140 2319 2277 2402 ista,
2324 2345 2521 2416 quum
2552 2321 2627 2392 ad
2660 2322 2817 2391 sub-

559 2424 891 2496 stantivum
925 2426 1302 2508 referantur,
1333 2449 1657 2521 quumque
1690 2427 1867 2496 litera
1892 2426 2143 2496 initialis
2166 2427 2515 2498 secundum
2546 2427 2815 2498 nominis

557 2532 855 2602 initialem
899 2521 1213 2614 mutetur,
1259 2533 1731 2604 enunciationes
1778 2542 2021 2600 nostras
2066 2532 2353 2603 relativas
2398 2536 2495 2604 vel
2539 2533 2816 2607 ›attribu-

557 2638 718 2708 tivas
785 2638 1347 2720 circumscribunt,
1417 2651 1484 2708 et
1536 2663 1609 2710 re
1666 2661 1814 2708 vera
1872 2635 2153 2706 attributi
2208 2649 2355 2706 sunt
2402 2641 2612 2730 signa3
2670 2663 2727 2708 e.
2760 2662 2815 2709 c.

557 2741 746 2814 H‘oti
788 2743 876 2812 ηᾶ
921 2759 1048 2814 tere
1091 2747 1174 2814 ba
1215 2767 1326 2812 ma
1369 2746 1449 2814 ko
1498 2743 1724 2814 obelon
1769 2745 1879 2829 (R.
1916 2743 2075 2826 103)
2120 2743 2171 2810 il
2214 2767 2255 2811 a
2288 2745 2535 2813 dachire
2576 2746 2633 2813 lc
2662 2746 2817 2813 livre

561 2873 686 2940 que
717 2849 798 2940 je
839 2849 930 2918 lui
963 2850 1198 2940 premi.
1291 2851 1365 2918 ln
1425 2873 1551 2942 quo
1605 2873 1788 2944 pron.
1846 2852 1929 2919 ba
1974 2871 2193 2918 vocem
2242 2864 2395 2930 tere,
2444 2851 2619 2932 liber,
2669 2871 2815 2918 cum

559 2954 850 3048 sequenti
897 2953 1210 3023 sententia
1256 2977 1365 3024 ma
1409 2957 1490 3024 ko
1537 2959 1789 3039 abelon,
1835 2981 1946 3048 eqo
1994 2959 2051 3024 ei
2090 2955 2531 3036 mutuo-dadi,
2574 2963 2645 3023 ut
2670 2976 2814 3022 cum

559 3059 860 3130 attributo
907 3083 1022 3128 suo
1068 3060 1406 3152 conjungit.
1499 3063 1655 3131 Do'k
1701 3062 1765 3132 bi
1805 3086 1914 3132 ma
1960 3062 2121 3131 dolce
2164 3061 2280 3147 (ib.
2326 3085 2387 3154 p.
2435 3062 2550 3146 53)
2599 3061 2657 3129 le
2696 3061 2814 3130 vil-

559 3167 704 3255 layo
745 3168 914 3235 dans
973 3168 1178 3258 lequel
1217 3169 1294 3259 je
1349 3169 1655 3238 danaum.
1746 3171 1836 3238 At
1880 3170 1945 3239 bi
2002 3167 2175 3236 nullo
2228 3165 2418 3236 modo
2476 3165 2813 3256 significat:
2900 3225 2905 3230 .

560 3269 716 3340 dans
747 3271 990 3365 lequel;
1035 3272 1149 3342 sed
1179 3273 1520 3344 denotatur
1549 3275 1809 3344 relativo
1852 3275 1939 3355 bi,
1985 3296 2203 3344 vocem
2236 3274 2364 3342 do‘k
2408 3271 2665 3342 vocibus
2702 3294 2815 3340 ma

559 3377 722 3448 dulce
752 3387 1046 3472 tanquam
1079 3379 1386 3449 attributo
1418 3403 1532 3448 suo
1565 3380 1831 3450 definiri.
1879 3381 2202 3474 Itemque:
2248 3403 2372 3470 yur
2400 3402 2489 3469 qu
2516 3401 2626 3447 ma
2656 3379 2812 3459 adu,

559 3483 598 3550 ἴ
599 3483 846 3552 homme
870 3487 1108 3576 auquel
1113 3485 1191 3577 je
1201 3488 1410 3579 parte.
1434 3525 1522 3536 -—-
1555 3484 1657 3554 Ac
1676 3487 2035 3579 saepissime
2058 3486 2481 3579 longinquitas
2516 3489 2625 3553 aut
2656 3505 2811 3577 pro-

559 3587 868 3681 pinquitas
899 3591 1189 3660 convenit
1217 3615 1360 3660 cum
1392 3601 1715 3685 tempore;
1745 3592 1858 3660 sed
1888 3603 2101 3661 tamen
2136 3590 2559 3661 necessarium
2590 3588 2655 3658 id
2686 3612 2811 3659 non

559 3702 676 3775 est,
724 3695 837 3764 sed
884 3697 1077 3765 vocali
1129 3707 1191 3766 et
1241 3697 1460 3767 initiali
1509 3699 1688 3766 litera
1738 3697 2223 3768 demonstrativa
2270 3720 2383 3790 pro
2430 3718 2501 3765 re
2550 3705 2811 3778 mutata,

558 3798 679 3867 dici
711 3808 954 3891 potest:
1003 3803 1128 3870 ἀόΙε
1175 3803 1259 3872 be
1302 3826 1412 3872 ma
1457 3804 1637 3884 dolce,
1682 3825 1891 3894 payns
1935 3803 2105 3881 ille,
2157 3802 2227 3871 in
2276 3826 2405 3894 quo
2438 3801 2697 3886 habim,
2747 3810 2812 3870 et

559 3914 810 3974 contra:
857 3919 980 3975 tere
1027 3907 1102 3980 bi
1146 3931 1254 3976 ma
1299 3910 1379 3978 ko
1427 3908 1572 3978 abel
1585 3933 1622 3977 o
1645 3933 1719 3990 n,
1766 3909 1883 3978 hic
1930 3909 2083 3979 liber
2117 3929 2301 4000 quem
2331 3907 2810 3976 mutuo-dedi.

561 4009 784 4105 Itaque
815 4035 918 4082 res
951 4021 1317 4105 praesentes
1364 4015 1424 4083 in
1457 4015 1802 4108 praeterito
1845 4026 2153 4108 tempore,
2202 4023 2267 4082 et
2296 4038 2399 4083 res
2432 4013 2811 4108 longinquae

559 4117 618 4186 in
668 4120 986 4210 praesenti
1034 4121 1289 4212 cogitari
1336 4129 1629 4214 possunt,
1694 4130 1759 4190 et
1818 4120 2045 4190 vocalis
2093 4121 2152 4188 in
2207 4119 2297 4188 bis
2343 4119 2811 4215 pronominibus

558 4223 832 4294 relativis
878 4246 992 4317 pro
1038 4225 1194 4308 loco,
1243 4234 1313 4295 ut
1359 4250 1706 4296 consonans
1752 4251 1866 4322 pro
1910 4225 2124 4296 initiali
2172 4226 2473 4310 nominiS,
2518 4225 2596 4296 ad
2642 4221 2813 4322 quod

556 4329 944 4414 reseruntur,
991 4333 1353 4408 consonanti
1400 4343 1697 4405 mutatur.
1732 4373 1811 4388 --
1848 4333 2173 4410 vocalium
2217 4341 2433 4404 autem
2463 4333 2813 4407 mutatione

559 4457 682 4502 non
731 4435 918 4505 modo
965 4437 1138 4508 locus
1184 4437 1296 4506 sed
1359 4439 1548 4508 etiam
1609 4440 1998 4529 categoriae,
2057 4463 2225 4534 quae
2279 4439 2529 4512 casibus
2581 4438 2815 4509 nostris
