3225 5259
1482 219 1567 288 55

372 410 696 504 phrastico
716 411 988 502 Anglica
1013 410 1080 501 (1
1099 415 1278 480 write
1301 420 1366 482 et
1387 413 1436 482 Ι
1455 433 1564 482 am
1589 413 1871 506 writingy)
1898 414 2063 484 inter
2079 435 2393 505 praesens
2426 416 2657 512 defini-

376 531 517 592 tum
563 519 660 588 vel
711 518 958 588 actuale
1000 526 1070 586 et
1113 519 1510 610 indefinitum
1555 518 1652 587 vel
1701 521 1953 590 dwrans
1994 521 2363 610 (dokonane
2404 532 2471 592 et
2516 526 2656 593 nio·

373 624 746 715 dokonane)
775 623 1102 694 discrimen
1137 645 1176 692 a
1206 622 1436 712 linguis
1469 619 1775 694 Africanis
1810 625 2046 718 optime
2078 626 2656 722 simplicissimeque

375 729 774 822 exprimitur.
842 731 1006 798 Nam
1056 726 1220 796 bene
1265 727 1659 820 distinguunt
1704 729 1868 798 inter
1915 724 2153 821 d'elaju
2198 763 2287 793 =
2327 735 2502 824 facio
2548 759 2651 806 se-

376 836 507 904 ml-
547 843 617 903 et
659 827 998 924 dewajtae
1027 865 1114 892 z
1149 833 1320 902 soleo
1363 837 1599 926 facere,
1650 858 1845 928 quum
1896 858 2011 928 pro
2059 836 2162 904 illo
2210 835 2419 907 dicant
2461 839 2653 908 Jolofi

375 962 533 1011 man
579 942 708 1031 def,
752 963 868 1032 pro
913 938 1036 1008 hoc
1079 940 1198 1029 def
1231 959 1324 1010 na
1368 944 1432 1025 (a
1465 939 1592 1010 rad.
1641 944 1759 1032 def
1790 971 1877 1000 τ..-
1922 942 2183 1028 facere).
2276 941 2407 1012 Sed
2452 965 2651 1038 quum

373 1044 692 1117 Slavieum
739 1061 1040 1137 praesens
1087 1042 1412 1114 definitum
1461 1044 1857 1132 (dokonane)
1904 1047 2015 1118 fiat
2049 1049 2349 1132 futurum,
2394 1049 2649 1120 Jolofo-

371 1172 520 1222 rum
565 1149 958 1223 indefinitum
1004 1149 1076 1219 fit
1131 1152 1574 1242 praeteritum3
1637 1177 1779 1222 nam
1826 1154 1937 1248 ‘qui
1990 1155 2154 1222 solet
2199 1154 2443 1236 facere,
2502 1154 2651 1225 facit

373 1265 448 1330 et
491 1256 657 1326 fecit.
751 1258 1041 1351 Itemque
1089 1255 1216 1324 duo
1261 1255 1496 1328 habent
1541 1260 1909 1351 praeterita,
1953 1257 2429 1353 imperfectum,
2476 1259 2650 1352 quod

373 1363 695 1454 praesenti
727 1360 983 1435 definito
1014 1363 1111 1430 vel
1141 1362 1370 1431 actuali
1399 1363 1767 1456 respondet,
1816 1375 1882 1434 et
1916 1366 2212 1435 aoristum
2242 1362 2415 1459 quod
2450 1387 2644 1456 prae-

356 1466 540 1569 ‚senti
585 1466 910 1543 indefinito
955 1467 1332 1560 respondet:
1379 1472 1512 1540 don
1558 1493 1651 1540 na
1693 1473 1811 1562 def
1846 1503 1931 1531 =
1978 1463 2281 1552 ἐποίουν,
2340 1478 2406 1538 et
2450 1473 2645 1562 deson
2720 1477 2726 1486 “

373 1593 470 1642 na
512 1601 598 1633 =·-..
645 1565 942 1658 ἐποίησα.

552 1677 627 1745 In
693 1677 904 1767 lingua
955 1673 1271 1768 Gonyensi
1329 1700 1592 1772 quoque
1648 1680 2003 1750 Brusciotto
2062 1704 2098 1748 a
2148 1680 2427 1750 Vetralla
2488 1683 2641 1766 (re-

372 1781 568 1872 gulae
612 1781 926 1874 quaedam
981 1805 1098 1876 pro
1147 1782 1482 1854 difficillimi
1535 1786 1963 1876 Congensium
2022 1779 2333 1854 idiomatis
2378 1785 2639 1856 faciliori

372 1898 588 1979 captu,
644 1890 890 1960 Romae
923 1891 1128 1974 1659)
1172 1899 1430 1982 praeter
1459 1911 1762 1983 praesens
1794 1901 1861 1960 et
1892 1892 2303 1984 praeteritum
2337 1891 2505 1960 aliud
2534 1892 2639 1986 5¹¹?

370 1995 545 2063 venit
590 2004 878 2088 tempus,
924 1994 1114 2088 quod.
1143 1996 1322 2064 variis
1369 1996 1648 2090 appellat
1690 1996 1924 2077 modis,
1970 1997 2273 2088 cujusque
2322 1997 2642 2091 propriam

370 2099 888 2190 significationem
934 2121 1243 2194 nusquam
1293 2099 1536 2184 delinit.
1626 2105 1789 2171 Nam
1837 2127 1898 2196 p.
1948 2103 2036 2171 62
2092 2102 2463 2192 distinguit:
2531 2105 2638 2189 „11

371 2225 706 2297 praesens,
755 2215 822 2276 et
863 2207 1280 2300 praeteritum
1323 2207 1675 2288 hodiernae
1724 2206 1879 2287 diei;
1934 2210 2007 2294 2)
2052 2207 2467 2302 praeteritum
2512 2207 2635 2276 im·-

369 2311 760 2402 perfectum,
825 2313 1178 2404 perfectum
1249 2321 1316 2380 et
1371 2310 2098 2405 plusquamperfectum3
2168 2315 2241 2398 3)
2308 2335 2637 2406 praesens,

369 2415 540 2508 quod
585 2416 1120 2490 continuationem
1167 2439 1312 2486 cum
1358 2417 1705 2509 praeterito
1750 2418 2112 2508 significat.“
2191 2420 2335 2489 Hoc
2380 2418 2636 2488 tertium

370 2531 642 2614 tempu&
689 2521 858 2615 quod
906 2547 968 2614 p.
1013 2525 1102 2592 48
1149 2547 1461 2614 praesens
1507 2522 1869 2614 simpliciter
1916 2523 2297 2608 nominatur,
2340 2523 2505 2592 mihi·
2539 2524 2633 2591 vi—

369 2626 557 2698 detur
592 2652 905 2718 praesens
950 2631 1277 2724 definitum
1319 2625 1420 2699 vel
1454 2629 1738 2697 actuale.-
1778 2627 2081 2720 jafitissa
2112 2662 2197 2689 =
2232 2652 2379 2697 amo
2422 2652 2634 2706 nunc,-

368 2732 518 2809 illud
565 2734 834 2827 primum
879 2743 1118 2815 autem,
1163 2731 1336 2827 quod
1369 2757 1428 2825 p.
1461 2737 1550 2804 50
1603 2733 2054 2826 ,ςρτειεῐεήωηι
2097 2733 2273 2827 quod
2319 2732 2417 2803 est
2446 2756 2629 2826 prae-

369 2851 550 2914 sem“
605 2841 906 2925 nominat,
951 2864 1013 2932 p.
1061 2841 1170 2909 37.
1217 2842 1304 2908 38
1355 2840 1875 2932 „praeteritum“,
1936 2864 2000 2933 p.
2048 2839 2133 2908 39
2189 2839 2633 2933 „praeteritum

369 2945 728 3036 proximum
787 2945 914 3012 sive
971 2943 1309 3015 hodiernae
1367 2945 1568 3028 diei“,
1630 2947 1829 3039 p.‚54
1894 2967 2229 3038 „praesens
2286 2943 2631 3016 hodiernae

371 3047 524 3123 dior
579 3047 728 3119 mihi
774 3049 1023 3124 videtur
1063 3072 1373 3141 praesens
1416 3052 1836 3145 indefinitum,
1884 3051 2121 3142 nsitissi
2149 3082 2236 3110 =
2282 3071 2431 3118 amo
2462 3071 2631 3116 sem·

365 3177 499 3246 per,
547 3219 554 3228 .
591 3156 759 3226 Num
809 3155 1182 3247 Congenses
1239 3157 1683 3250 imperfectum
1750 3167 1819 3226 et
1870 3155 2171 3224 aoristum
2227 3153 2631 3245 distinguant,

369 3259 582 3334 dicere
626 3284 750 3330 non
796 3278 1070 3355 possum.
1161 3263 1269 3332 Br.
1315 3287 1352 3332 a
1395 3263 1577 3332 Vetr.
1624 3260 1878 3355 quidem
1938 3260 2017 3330 de
2076 3260 2193 3330 hac
2246 3282 2319 3328 re
2366 3259 2497 3350 agit
2540 3258 2630 3328 si-

367 3366 666 3448 lentium3
709 3367 820 3436 sed
866 3391 930 3461 p.
955 3369 1062 3450 38,
1107 3366 1215 3436 ubi
1261 3366 1342 3436 de
1374 3367 1730 3461 praeteritis
1762 3364 2054 3459 loquitur,
2106 3364 2427 3458 complura
2456 3374 2628 3434 tem-

369 3495 520 3564 pora
568 3472 924 3542 confudisse
969 3472 1238 3544 videtur.
1317 3472 1449 3545 Sed
1494 3482 1819 3566 utcunque
1866 3494 2008 3540 sese
2056 3471 2217 3540 haee
2259 3492 2367 3540 res
2410 3469 2627 3550 hahet,

368 3576 561 3646 Afros
607 3588 893 3670 tempora
951 3578 1118 3648 bene
1179 3579 1539 3648 discernere
1599 3577 2039 3669 subtiliterque
2100 3582 2361 3644 constat.
2455 3575 2627 3658 Quin

369 3682 590 3766 etiam,
647 3681 956 3776 siquidem
1005 3705 1151 3754 vera
1199 3683 1408 3754 fleotio
1455 3683 1517 3752 in
1562 3682 1989 3772 grammaticis
2034 3681 2237 3772 magis
2280 3679 2629 3750 rationibus

369 3797 545 3866 recte
594 3789 908 3880 perceptis
953 3801 1202 3870 mente,
1251 3798 1528 3882 apteque
1571 3809 1725 3858 voce
1775 3788 2123 3879 expressis,
2170 3809 2361 3880 quam
2406 3785 2467 3854 in
2514 3807 2627 3856 so—

368 3915 592 3962 norum
637 3893 900 3964 fortiore
947 3903 1061 3964 aut
1103 3892 1408 3966 debiliore
1454 3891 1895 3984 conjunctione
1939 3894 2147 3986 posita
2180 3901 2297 3974 est,
2346 3892 2625 3963 nonnul—

371 3996 458 4066 las
516 4019 599 4068 ex
655 3997 750 4069 his
805 3999 1047 4088 linguas
1106 3997 1184 4068 ad
1243 4020 1456 4072 veram
1515 3996 1853 4068 flexionem
1908 4006 2006 4070 sat
2059 4019 2259 4091 prope
2318 3996 2625 4086 secedere

372 4122 626 4172 censeo..

549 4207 910 4290 Quaeratur
965 4217 1182 4280 autem
1245 4209 1345 4277 hic
1401 4207 1484 4278 de
1542 4209 1751 4300 lingua
1818 4207 2127 4300 Uolofica‚
2196 4208 2625 4279 Seschuanioa

370 4316 550 4397 (nam
587 4311 870 4406 quanwia
914 4314 1124 4406 populi
1179 4314 1612 4388 nominenturz
1672 4313 1873 4408 Jolofi
1928 4321 1992 4382 et
2051 4313 2461 4409 Beschuani„
2500 4293 2630 4382 lin-—
