3225 5259
1511 382 1554 447 5
1647 388 1651 393 ,

406 578 598 664 atque
643 569 934 641 ubertate
979 566 1335 642 tractatum.
1349 574 1408 657 *J
1485 574 1709 669 Itaque
1755 597 1878 646 una
1923 576 2035 647 viri
2082 576 2420 648 doctissimi
2468 584 2657 672 atque

403 675 717 745 clarissimi
775 678 1036 747 Βὸοἰώἰί
1097 677 1376 749 definitio
1435 678 1584 749 mihi
1654 679 1900 751 videtur
1957 694 2176 753 recta.
2234 684 2661 775 philologiam

401 800 532 851 ’esse
575 785 810 873 coquiti
855 783 1290 875 coquitionem.
1371 786 1561 869 Quod
1607 810 1729 855 non
1778 788 1865 856 ita
1912 796 2010 856 est
2038 788 2537 881 intelligendum,
2582 798 2658 860 ut

401 886 699 980 philologi
743 899 953 957 actum
999 900 1220 980 agant;
1279 890 1389 960 sed
1437 915 1851 987 quaecunque
1899 894 2057 963 facta
2117 904 2266 964 sunt
2308 895 2417 965 tali
2464 893 2655 964 modo

400 992 607 1063 denno
651 1006 865 1065 mente
913 1004 1059 1065 sunt
1102 995 1535 1088 producenda,
1597 1010 1704 1080 ut,
1760 1022 1955 1093 quum
2016 1023 2141 1067 non
2190 1024 2223 1068 a
2272 999 2531 1091 singulis
2578 999 2656 1069 ad

398 1100 725 1171 arbitrium
771 1112 968 1193 gesta,
1015 1100 1128 1172 sed
1175 1126 1212 1171 e
1258 1104 1610 1172 necessaria
1657 1105 1926 1198 quadam
1967 1104 2143 1173 liberi
2178 1106 2365 1175 animi
2400 1105 2655 1175 humani

399 1208 738 1297 agitatione
795 1216 930 1279 orta
987 1218 1487 1299 cognoscantur,
1558 1220 1856 1303 tanquam
1926 1211 2251 1303 speculum
2320 1221 2388 1281 et
2442 1212 2653 1301 imago

395 1314 702 1407 quaedam
739 1326 1088 1408 appareant
1132 1313 1388 1385 rationis
1434 1316 1765 1384 humanae.
1838 1316 2031 1399 Quod
2080 1316 2393 1387 abstracta
2434 1327 2715 1482 rerum}

396 1420 652 1499 notione
685 1422 1075 1516 assequimur
1103 1420 1382 1500 minime,
1429 1420 1541 1489 sed
1587 1443 1666 1491 eo
1710 1421 1879 1514 quod
1928 1423 2133 1492 omnia
2172 1423 2415 1513 singula
2447 1444 2691 1517 quae-

393 1551 518 1622 que
587 1550 782 1621 quum
851 1528 1318 1621 perceperimus
1385 1535 1575 1619 atque
1646 1525 1809 1596 inter
1870 1550 1940 1597 se
2000 1528 2502 1609 contulerimus,
2573 1510 2701 1619 ad}

392 1634 697 1703 unitatem
765 1631 1177 1725 redigimus„
1220 1631 1296 1701 ad
1359 1632 1767 1727 ultimamque
1838 1633 2139 1704 historiae
2204 1636 2516 1704 rationem
2578 1642 2651 1703 ac
2696 1624 2707 1706 {-

391 1741 700 1833 speciem‚
755 1762 919 1834 quae
963 1738 1024 1807 in
1073 1738 1281 1807 animo
1330 1737 1601 1806 humano
1649 1740 1846 1832 posita
1894 1740 1975 1809 sit
2027 1739 2500 1834 patefaciendo,
2547 1761 2649 1809 re-·
2701 1723 2713 1812 l.

391 1868 698 1916 vocamus.
787 1847 885 1914 Ita
933 1846 1102 1915 enim
1159 1844 1362 1912 solum
1418 1866 1630 1913 veram
1692 1845 1971 1913 omnium
2028 1856 2386 1939 temporum
2450 1855 2645 1939 atque
2704 1824 2714 1858 ⁸

392 1952 769 2047 populorum
813 1962 1112 2046 tanquam
1159 1949 1438 2041 effigiem
1485 1951 1689 2019 animo
1736 1950 1913 2019 nobis
1959 1951 2272 2043 fingimus·
2704 1871 2718 2041 i

568 2059 756 2141 Quae
802 2081 996 2152 quum
1041 2057 1127 2126 ita
1174 2056 1327 2139 sint,
1381 2056 1432 2126 is
1478 2056 1584 2151 qui
1632 2057 1691 2125 in
1741 2057 2075 2149 philologia
2132 2080 2391 2150 operam
2449 2057 2648 2151 ponit,

391 2173 628 2235 tantam
687 2165 1008 2257 suscipere
1062 2160 1311 2233 videtur
1363 2185 1500 2231 rem
1527 2215 1544 2243 ,
1611 2174 1909 2255 quantam
1978 2164 2275 2233 facultate
2348 2164 2647 2257 consequi

390 2293 578 2338 nemo
622 2294 897 2365 unquam
943 2269 1150 2363 potuit
1194 2292 1401 2363 neque
1448 2291 1727 2361 unquam
1772 2269 2083 2362 quispiam
2128 2268 2378 2363 poterit.
2473 2266 2647 2353 Quid

392 2377 559 2445 enim
605 2385 704 2445 est
747 2377 969 2468 majuS,
1016 2397 1236 2470 quam,
1284 2398 1478 2469 quum
1521 2384 1693 2443 tanta
1742 2376 1822 2443 sit
1868 2376 2245 2469 populorum
2292 2370 2485 2470 atque
2529 2386 2647 2445 ae-3

389 2492 590 2551 tatum
633 2480 1005 2561 multitudo,
1063 2480 1368 2574 cujusque
1414 2481 1621 2572 gentis
1668 2482 1887 2561 vitam,
1944 2506 2050 2551 res
2110 2490 2355 2571 gestas,
2415 2479 2642 2562 studia,

385 2587 786 2679 religionem,
832 2594 1033 2657 artem
1078 2589 1165 2656 ita
1211 2587 1592 2677 cogitatione
1640 2588 1989 2681 complecti,
2036 2598 2109 2657 ut
2152 2587 2345 2656 totius
2392 2586 2645 2677 generis

389 2695 641 2764 humani
689 2694 752 2764 in
800 2694 971 2763 cultu
1019 2702 1208 2789 atque
1255 2693 1647 2764 humanitate
1692 2716 2063 2787 progressus
2098 2703 2457 2763 concretam
2488 2715 2643 2785 spe-

389 2801 548 2870 ciem
595 2810 783 2895 atque
831 2799 1104 2891 effigiem
1151 2800 1353 2872 animo
1382 2800 1747 2871 videamus?
1794 2799 2035 2883 Quodsi
2068 2800 2294 2892 singuli
2324 2820 2643 2894 nunquam

389 2907 512 2976 hoc
555 2906 862 3000 perficere
918 2914 1212 2998 possunt,
1272 2930 1352 2975 ne
1408 2915 1621 2976 tamen
1671 2906 2139 2989 deterreamur,
2187 2917 2641 2999 teneamusque

392 3036 538 3081 eum
585 3034 859 3092 cursum,
875 3033 1095 3103 quem
1138 3011 1504 3104 poterimus.
1577 3014 1741 3082 Nam
1785 3037 1979 3107 quum
2024 3012 2364 3113 philologia
2408 3035 2527 3106 per
2568 3034 2641 3081 se

390 3142 501 3188 sua
549 3118 742 3211 ipsius
788 3116 1046 3186 notione
1094 3117 1154 3186 in
1203 3118 1558 3211 complures
1603 3117 1797 3189 divisa
1843 3120 1923 3188 sit
1969 3119 2354 3213 disciplinaS,
2402 3117 2641 3187 omnis-

388 3224 650 3343 quisque
708 3244 847 3293 eam
905 3220 1021 3292 sibi
1083 3222 1276 3315 eligat
1331 3218 1747 3317 disciplinam,
1804 3225 1882 3295 ad
1942 3250 2130 3321 quam
2198 3223 2641 3295 elaborandam

387 3330 659 3401 maxime
705 3330 784 3400 sit
828 3329 1084 3422 ingenio
1129 3330 1490 3410 instructuS,
1537 3329 1875 3401 dummodo
1906 3332 2081 3415 sciat,
2128 3354 2197 3402 se
2231 3330 2487 3400 minime
2517 3330 2639 3400 ha-

388 3437 545 3508 bere
593 3434 823 3531 aliquid
870 3435 1066 3506 totius
1111 3458 1185 3506 ac
1229 3458 1345 3530 per
1389 3458 1458 3506 se
1505 3435 1793 3520 absoluti,
1840 3438 2011 3533 quod
2058 3437 2174 3508 sibi
2220 3436 2405 3531 plane
2452 3434 2639 3506 suffi-

389 3544 531 3625 ciat,
577 3541 854 3636 dumque
903 3542 960 3611 ei
1007 3564 1258 3634 semper
1301 3542 1496 3613 totius
1541 3543 1922 3636 philologiae
1968 3541 2336 3614 adumbrata
2382 3542 2638 3637 quidem

387 3653 600 3741 imago
645 3659 713 3719 et
757 3647 1000 3741 species
1045 3647 1106 3717 in
1151 3656 1368 3717 mente
1411 3656 1719 3730 versetur,
1764 3650 1916 3720 dum
1946 3650 2220 3745 denique
2265 3670 2515 3742 semper
2561 3670 2636 3717 ea

389 3778 554 3851 quae
598 3757 753 3826 sciat
797 3753 874 3823 ad
921 3754 1210 3824 universa
1257 3753 1497 3835 studia,
1559 3755 1707 3850 quin
1758 3758 1945 3827 etiam
1992 3755 2069 3826 ad
2115 3756 2403 3826 universa
2447 3754 2635 3825 animi

391 3886 586 3957 opera
633 3871 956 3957 totamque
1002 3863 1242 3932 reserat
1285 3860 1478 3930 vitam
1523 3861 1875 3931 humanam.
1925 3906 2001 3927 ...2-

563 3972 661 4040 Ac
703 3968 973 4063 primum
1019 3967 1275 4063 quidem
1321 3989 1516 4061 quum
1563 3990 1765 4059 genus
1811 3967 2157 4039 humanum
2210 3968 2525 4041 tribuatur
2568 3968 2633 4037 in

388 4075 684 4168 populos,
753 4074 1128 4169 philologiae
1189 4083 1633 4165 argumentum
1692 4076 2068 4169 populorum
2125 4074 2337 4147 habita
2392 4074 2633 4145 ratione

527 4340 580 4412 ¹⁵)
620 4338 803 4408 Quare
849 4341 1174 4415 philologiae
1217 4342 1450 4401 historia
1491 4344 1657 4399 etiam
1703 4342 1777 4400 ad
1818 4342 2177 4417 philologiam
2221 4343 2453 4417 pertinet
2460 4359 2476 4413 3
2533 4340 2635 4399 sed

387 4421 484 4505 ita,
519 4429 582 4485 ut
615 4446 669 4491 v.
705 4446 750 4487 c.
787 4428 1041 4487 classicae
1076 4446 1248 4502 quam
1285 4430 1476 4489 dicunt
1508 4430 1841 4504 philologiae
1875 4431 2102 4490 historia
2138 4432 2211 4489 sit
2242 4430 2394 4488 locus
2427 4444 2635 4503 eorum,

389 4518 486 4591 qui
520 4519 880 4576 recentiorum
916 4519 1169 4592 gentium
1203 4520 1376 4579 vitam
1412 4519 1813 4594 philologorum
1850 4522 1944 4579 via
1977 4518 2334 4579 considerent.
