3225 5259
1453 303 1534 369 41

373 509 477 569 tur
523 522 616 576 ac,
663 505 850 591 prout
907 499 1282 568 sententiam
1339 496 1739 566 introducant
1782 495 2225 590 temporalem,
2286 497 2620 583 causalem,

371 604 724 674 nominibus
755 613 855 673 ut:
887 614 1156 696 tempuS‚
1189 603 1386 684 locuS,
1417 625 1624 680 causa,
1654 601 2083 696 similibusque
2113 602 2175 670 in
2211 625 2359 672 casu
2391 602 2621 672 adver-

373 712 518 782 biali
567 712 846 802 cogitatis
891 720 1244 788 vertantur,
1304 733 1466 803 quae
1514 709 1761 778 nomina
1811 707 2071 776 verbum
2118 708 2427 802 accipiant
2472 708 2619 776 infi-

377 819 654 896 nitivum,
701 817 763 885 in
812 817 1088 908 genitivo
1136 816 1428 908 positum.
1498 816 1734 884 Dicunt
1776 813 1968 904 igitur
1998 815 2295 884 Sinenses
2344 825 2408 883 et
2449 812 2623 882 multi

377 924 474 992 alii
523 923 729 1016 populi
779 947 922 1016 pro:
982 947 1181 1013 quum
1225 927 1396 1000 veni,
1454 930 1691 990 mutata
1748 921 1866 988 hac
1912 919 2349 989 enunciatione
2398 919 2623 990 adver-

375 1030 517 1100 biali
565 1031 624 1098 in
677 1053 902 1099 nomen
954 1029 1016 1098 in
1065 1028 1397 1097 adverbiali
1447 1050 1594 1096 casu
1642 1027 1941 1119 positum:
1986 1032 2105 1096 mei
2146 1027 2436 1096 veniendi
2466 1041 2625 1094 tem-

367 1159 563 1228 pore,·
611 1147 676 1204 et
721 1158 870 1228 pro:
918 1137 1072 1225 quia
1115 1139 1257 1203 veni
1313 1134 1552 1202 dicunt:
1612 1137 1901 1204 veniendi
1942 1138 2063 1201 mei
2107 1156 2322 1202 causa.
2414 1133 2625 1226 Atque

376 1248 640 1311 utuntur
699 1242 996 1310 Siuenses
1063 1239 1138 1308 ad
1213 1241 1488 1310 causales
1558 1241 1901 1310 sententias
1971 1239 2407 1332 exprimendas
2474 1261 2627 1308 voce

376 1351 400 1417 i
431 1353 495 1436 (1
526 1349 618 1433 k),
665 1369 828 1440 quae
858 1347 1136 1439 proprie:
1185 1369 1447 1427 sumere,
1481 1347 1775 1416 adhibere
1810 1347 2132 1436 significat,
2161 1345 2391 1438 duplici
2422 1344 2629 1414 modo.

376 1459 538 1526 Nam
584 1465 693 1523 aut
738 1455 800 1520 in
851 1453 1051 1544 capite
1099 1452 1355 1544 ponitur
1402 1463 1699 1546 tanquam
1744 1453 2036 1532 verbum,
2094 1475 2378 1530 sumens,
2437 1453 2629 1520 adhia·
2710 1431 2727 1450 ⁸

254 1621 260 1628 .
377 1564 530 1632 bens
575 1593 660 1619 =
698 1573 980 1652 propter,
1029 1561 1130 1638 ob,
1179 1580 1250 1625 ac
1295 1567 1430 1626 tum
1479 1559 1739 1628 verbum
1788 1559 2239 1628 enunciationis
2286 1582 2401 1650 pro
2435 1579 2626 1626 accu-

379 1668 570 1736 sativo
617 1665 893 1734 infinitivi
946 1673 1044 1733 est
1091 1663 1556 1756 accipiendum;
1616 1677 1725 1734 aut
1780 1669 1806 1734 ὶ
1854 1678 1951 1734 est
2009 1687 2234 1734 nomen
2292 1665 2353 1732 in
2401 1662 2628 1732 adver-

379 1772 520 1841 biali
580 1794 726 1840 casu
771 1803 855 1829 =
902 1793 1063 1852 usu,
1137 1792 1208 1838 ac
1273 1777 1406 1840 tum
1476 1771 1534 1839 in
1609 1771 1737 1839 fine
1793 1772 2042 1863 ponitur
2118 1778 2183 1838 et
2239 1766 2499 1837 verbum
2570 1767 2633 1836 in

380 1877 652 1968 genitivo
701 1875 977 1945 infinitivi
1027 1875 1370 1966 cogitatur,
1436 1886 1506 1945 ut
1563 1877 1715 1946 item
1771 1875 1873 1952 fit,
1930 1899 2124 1970 quum
2170 1897 2295 1944 vox
2339 1875 2426 1942 kal
2470 1876 2544 1959 (4
2564 1880 2633 1967 y)

379 1983 778 2062 adhibeatur;
830 2005 886 2050 e.
922 2005 970 2050 c.
1005 1983 1128 2073 je&
1165 1979 1242 2050 ‘ci
1285 1985 1312 2052 ὶ
1359 1986 1429 2071 (4
1453 1983 1494 2062 f,
1531 1987 1564 2050 1
1593 2007 1651 2064 e,
1683 1983 1751 2068 k)
1798 1989 1953 2074 quia
1984 1997 2257 2070 exstant,
2302 1980 2381 2050 ad
2411 1980 2634 2050 verba:

379 2091 654 2160 habendi
695 2090 766 2158 id
807 2113 934 2157 usu
978 2088 1073 2157 vel
1123 2110 1338 2158 causa.
1433 2092 1596 2174 (Tao
1636 2097 1702 2157 te
1749 2089 1898 2179 king
1933 2093 2065 2174 11.)
2112 2091 2137 2158 ὶ
2180 2095 2368 2178 ωᾶης]
2408 2083 2486 2156 ‘ci
2530 2101 2637 2157 uei

377 2197 432 2261 ’ὅ
477 2200 541 2284 (1
569 2196 629 2275 k,
663 2197 705 2264 2
727 2218 788 2286 p,
826 2198 859 2263 1
890 2217 947 2274 e,
981 2195 1024 2261 4
1048 2218 1108 2286 p,
1143 2195 1182 2262 6
1207 2200 1301 2280 η),
1347 2195 1653 2264 adhibens
1701 2195 1797 2263 vel
1840 2209 2101 2286 propter
2133 2195 2301 2285 reyis
2332 2219 2461 2264 esse
2488 2219 2637 2263 ma-

385 2304 534 2383 lum,
580 2325 792 2390 weyen
826 2303 934 2368 des
967 2301 1225 2368 schlecht
1257 2301 1422 2369 seins
1465 2303 1573 2368 des
1605 2301 1877 2390 Ko‘m‘ys,
1922 2300 2019 2368 vel
2056 2313 2323 2392 propter
2364 2297 2471 2368 τὸς
2516 2285 2667 2370 rex⁸

385 2424 471 2479 est
516 2409 728 2476 malus
773 2405 868 2474 vel
919 2406 1075 2496 quia
1103 2429 1241 2473 rex.
1275 2446 1357 2454 -—
1391 2408 1416 2475 ὶ
1463 2404 1614 2475 ι’ἱέη
1660 2419 1838 2497 ming]
1875 2403 1953 2475 ‘ci
1988 2407 2087 2498 pii
2130 2405 2223 2476 k'o
2264 2403 2461 2498 ‘c'ciny
2488 2411 2553 2492 (1
2574 2407 2637 2488 k,

385 2517 426 2584 3
449 2539 506 2596 v,
538 2539 602 2593 X,
639 2518 672 2582 1
703 2537 761 2592 e,
795 2514 840 2578 4
863 2509 924 2590 d,
960 2515 992 2578 1
1021 2511 1060 2591 i,
1097 2512 1135 2578 6
1160 2517 1254 2596 ο),
1300 2511 1446 2604 quia
1490 2513 1650 2580 coeli
1698 2511 2061 2581 mandatum
2103 2536 2227 2581 non
2261 2523 2469 2606 potest
2498 2535 2639 2582 esse

385 2622 869 2712 sempiternum,
929 2616 1006 2686 ad
1063 2616 1284 2685 verba:
1345 2621 1422 2687 ob
1471 2620 1626 2687 coeli
1667 2621 1959 2688 mandati
2002 2643 2134 2688 non
2170 2643 2363 2712 posse
2408 2620 2640 2711 sempi-

387 2743 634 2797 ternum
679 2748 824 2794 esse.
916 2723 1044 2793 Sed
1095 2724 1317 2792 eodem
1356 2724 1528 2815 jure,
1568 2748 1694 2818 quo
1742 2724 2080 2818 simplicem
2127 2727 2641 2818 comprehensio-

385 2857 532 2902 nem
577 2845 753 2922 miny
798 2829 894 2898 k'o
943 2828 1159 2898 vertis:
1203 2833 1581 2900 mandatum
1608 2845 1831 2922 potest,
1882 2831 2105 2902 eodem
2144 2833 2289 2924 jure
2320 2833 2420 2902 bic
2453 2835 2641 2902 etiam

385 2950 624 3010 vertas:
673 2940 752 3006 ob
797 2930 900 3002 τὸς
949 2958 998 3003 c.
1042 2939 1420 3004 mandatum
1464 2961 1598 3006 non
1640 2952 1863 3029 potest,
1911 2939 2005 3008 vel
2058 2942 2214 3031 quia
2258 2964 2392 3009 non
2412 2954 2641 3030 potest.

390 3048 612 3139 Itaque
657 3043 758 3111 hic
803 3041 1144 3134 particulae
1189 3049 1214 3110 ἰ
1260 3042 1409 3110 usus
1453 3043 1642 3134 plane
1690 3045 1981 3113 convenit
2024 3068 2167 3113 cum
2213 3069 2289 3115 eo
2334 3069 2459 3140 qno
2500 3069 2641 3116 cum

387 3149 648 3244 simplici
697 3147 948 3215 nomine
993 3147 1390 3239 conjungitur
1435 3149 1657 3229 modo,
1706 3149 1784 3218 ad
1833 3150 2165 3220 ablativum
2214 3150 2472 3220 latinum
2516 3152 2643 3221 cir-

388 3253 954 3327 cumscribendum.
1039 3293 1107 3302 -
1190 3252 1284 3344 pii
1329 3257 1400 3322 τὰ
1440 3255 1532 3345 psi
1575 3261 1715 3325 ωέη
1755 3253 1836 3325 ‘ci
1883 3262 1933 3326 ti
1991 3259 2063 3342 (4
2088 3258 2148 3336 d,
2193 3259 2315 3352 ΒΡ,
2356 3257 2484 3337 4d‚
2517 3259 2645 3352 ὃς,

394 3368 426 3432 1
459 3387 515 3443 e,
548 3365 588 3431 6
615 3364 686 3448 2)
732 3362 844 3430 ubi
889 3385 1021 3428 non
1069 3361 1356 3448 videmur
1400 3385 1513 3431 nec
1559 3364 1897 3446 audimur,
1957 3362 2036 3432 ad
2093 3364 2315 3434 verba:
2376 3389 2509 3434 non
2552 3366 2647 3434 vi-

391 3472 585 3540 dendi
631 3467 738 3560 (et)
787 3491 920 3536 non
969 3467 1285 3546 audiendi,
1322 3468 1516 3536 locus.
1585 3468 1911 3538 Addamus
1959 3494 2153 3539 unum
2201 3472 2564 3564 exemplum
2610 3495 2647 3540 e

391 3575 550 3645 libro
583 3574 919 3662 Schi-king
951 3574 1031 3661 (1,
1069 3575 1170 3654 15,
1202 3574 1291 3658 2.)
1325 3584 1604 3642 sumtum
1636 3574 1721 3664 j&
1766 3566 1839 3664 σὴ
1879 3572 1955 3645 ‘ci
2002 3589 2141 3645 min
2187 3576 2649 3663 (6s,10,e,6t)

387 3705 502 3774 per
545 3681 1050 3750 misericordiam
1095 3683 1272 3771 quod
1311 3682 1524 3771 proles
1571 3681 1739 3760 alui,
1798 3682 1877 3750 ad
1919 3682 2140 3751 verba:
2188 3684 2399 3752 alendi
2438 3677 2653 3774 proles

391 3787 851 3866 misericordia,
892 3786 1020 3854 vel:
1067 3791 1194 3848 τσῦ
1239 3787 1377 3854 alui
1410 3789 1630 3877 proles
1674 3788 2131 3858 misericordia.
2210 3789 2338 3858 Sed
2377 3791 2506 3882 jam
2538 3815 2645 3860 sa-

393 3893 470 3962 tis
500 3891 582 3961 de
615 3893 826 3981 lingua
873 3891 1095 3960 Sinica.
1187 3891 1362 3960 Alias
1409 3893 1652 3982 linguas
1702 3894 2161 3985 aggrediamur.

573 3997 766 4080 Quod
815 3997 1024 4089 specie
1071 3996 1326 4090 quidem
1370 3999 1432 4067 in
1480 4001 1815 4092 Japonica‚
1872 4003 2262 4072 Annamitica
2324 4011 2389 4072 et
2448 4003 2652 4073 Sinica

394 4102 598 4194 lingua
631 4104 720 4186 fit,
753 4115 826 4172 ut
859 4102 1224 4173 attributum
1259 4106 1699 4174 enunciatione
1732 4107 1981 4176 relativa
2016 4109 2423 4201 exprimatur,
2455 4131 2651 4202 quum
2733 4195 2737 4199 ῃ

393 4209 600 4303 potius
647 4209 802 4280 baec
848 4209 908 4278 in
955 4209 1104 4278 illud
1149 4221 1452 4292 mutetur,
1495 4236 1566 4282 re
1613 4237 1757 4282 vera
1807 4225 2020 4282 autem
2068 4237 2273 4307 neque
2320 4215 2477 4285 haec
2524 4238 2645 4286 ne-

395 4339 521 4409 que
567 4310 715 4384 illud
765 4325 908 4409 apte
955 4317 1351 4388 enuncietur:
1398 4317 1455 4386 id
1505 4319 1568 4386 in
1618 4320 1871 4412 Coptica
1918 4319 1991 4390 fit
2034 4321 2265 4412 lingua,
2314 4326 2411 4390 cui
2460 4321 2522 4390 id
2558 4333 2655 4393 est

393 4421 744 4515 proprium,
804 4421 969 4515 quod
1027 4422 1225 4512 magis
1272 4448 1459 4517 quam
1517 4424 1641 4494 ulla
1688 4426 1801 4497 alia
1844 4427 2058 4518 lingua
2105 4426 2439 4499 verborum
2490 4452 2651 4500 cou-
