3225 5259
1451 298 1530 365 21

365 490 718 562 sententiae
765 492 1110 574 elementa,
1169 502 1268 562 tot
1322 490 1558 562 debent
1612 514 1752 563 esse
1810 490 2257 563 enunciationis
2312 492 2615 569 membra.

365 619 480 667 sua
523 588 798 691 quidque
845 607 917 667 ut
960 598 1043 668 ita
1089 597 1293 669 dicam
1338 597 1631 669 libertate
1678 597 1963 688 gaudens
2006 620 2079 667 ac
2124 606 2333 668 tamen
2364 597 2447 669 ita
2480 598 2613 669 l'or'-

364 693 603 772 matum
645 712 835 797 atque
896 702 1448 797 circumscriptum,
1507 715 1578 774 ut
1636 704 1813 775 facile
1842 727 1987 785 ⁸non
2034 704 2130 775 sui
2183 704 2373 799 ipsius
2429 726 2613 776 causa

363 808 474 878 sed
531 808 610 879 ad
667 822 912 880 certum
983 809 1295 905 quoddam
1367 810 1645 904 corporis
1714 808 2035 902 cujusdam
2104 810 2611 881 constituendum

363 914 712 987 membrum
767 917 990 987 adesse
1049 909 1484 1007 cognoscatur.
1579 904 1772 1000 Quod
1832 918 2115 1011 profecto
2188 940 2303 988 eae
2360 916 2611 1007 linguae

361 1023 966 1116 consequipossunt
993 1023 1186 1106 solae,
1231 1046 1394 1117 quae
1426 1046 1572 1093 vera
1614 1034 1880 1094 utuntur
1913 1046 2135 1093 vocum
2165 1022 2614 1107 declinatione;

357 1152 578 1197 omnes
623 1129 800 1213 aliae,
845 1129 1122 1225 quamvis
1166 1130 1306 1223 plus
1349 1130 1630 1200 minusve
1678 1130 2007 1221 attingant,
2054 1129 2249 1207 efine
2294 1128 2611 1199 excidunt.

533 1238 622 1305 Et
663 1236 1246 1327 omnes¹eognitum
1303 1236 1561 1318 habent,
1609 1236 1783 1331 quod
1828 1236 2277 1307 Humboldtius
2325 1235 2616 1328 exposuit

355 1348 446 1436 (p.
497 1344 848 1429 CLXXX.)
896 1343 1146 1433 linguae
1193 1342 1438 1413 Sinieae
1483 1344 1669 1437 plane
1716 1342 2086 1414 contrariam
2134 1364 2274 1413 esse
2322 1342 2611 1412 Mexica-

357 1472 522 1519 nam.
613 1452 832 1534 Quum
878 1448 1040 1519 enim
1088 1449 1385 1519 Sinenses
1431 1474 1685 1520 omnem
1728 1449 2066 1521 verborum
2113 1448 2614 1540 conjunctionem

345 1555 654 1647 rejiciant,
699 1554 1066 1651 singulaque
1113 1554 1302 1625 verba
1349 1578 1472 1625 non
1520 1557 1665 1627 satis
1712 1554 2155 1651 enunciationis
2201 1553 2421 1624 unitati
2452 1552 2611 1623 sub-

346 1659 583 1751 jiciant,
629 1661 942 1733 Mexicani
989 1671 1206 1732 contra
1251 1662 1454 1731 omnia
1503 1662 1853 1733 sententiae
1912 1662 2225 1731 elementa
2270 1658 2611 1729 arctissime

355 1766 436 1836 ad
483 1790 680 1837 unum
724 1770 1115 1861 conjungunt
1159 1768 1455 1849 verbum,
1514 1768 2027 1862 singularumque
2085 1788 2309 1835 vocum
2360 1765 2463 1857 jus
2510 1765 2609 1836 ni-

352 1872 546 1941 mium
593 1874 939 1966 negligunt.
1033 1874 1162 1959 Qui
1207 1874 1292 1943 ita
1338 1874 1713 1967 loquuntur,
1760 1884 1830 1943 ut
1874 1872 2247 1965 subjeetum,
2292 1871 2607 1963 objectum

351 1988 422 2049 et
465 1979 924 2072 praedicatum:
971 2006 1084 2073 eqo
1117 2002 1370 2051 carnem
1402 1984 1659 2051 comedo
1708 2003 1834 2049 uno
1878 1978 2073 2071 verbo
2119 1978 2200 2047 ita
2249 1978 2607 2073 exprimant

349 2084 824 2179 ni-naca-qua.
865 2130 870 2137 ·
913 2089 1014 2159 Eo
1061 2096 1274 2156 autern
1319 2086 1464 2155 mihi
1511 2086 1801 2157 videntur
1845 2086 1907 2155 hi
1968 2108 2214 2164 errare,
2270 2084 2439 2179 quod
2499 2107 2607 2155 eas

349 2190 878 2283 amplificationes,
926 2188 1090 2288 quae
1133 2192 1328 2286 ipsam
1374 2193 1633 2263 aetionis
1681 2201 1967 2261 naturam
2014 2213 2089 2261 ae
2134 2189 2251 2259 vim
2284 2190 2601 2273 definiant,

341 2306 424 2367 .ut
469 2298 808 2391 objectum,
852 2299 1021 2393 quod
1067 2298 1273 2390 agitur
1317 2310 1427 2369 aut
1471 2298 1779 2369 actionem
1824 2298 2070 2391 patitur,
2120 2318 2263 2365 cum
2307 2296 2397 2381 iis,
2444 2320 2605 2392 quae

351 2402 430 2473 ad
479 2405 945 2493 grammaticam
989 2415 1233 2475 tantum
1278 2403 1532 2475 actionis
1578 2405 1841 2474 formam
1886 2403 2273 2497 pertineant,
2318 2412 2391 2473 ut
2436 2414 2607 2474 tem-

351 2530 469 2603 pus
527 2535 600 2581 ac
656 2532 968 2605 persona,
1027 2511 1110 2580 ita
1171 2510 1596 2595 confundunt,
1654 2498 1727 2579 ut
1779 2511 1913 2581 illas
1975 2510 2067 2579 his
2126 2509 2354 2579 arctius
2418 2510 2606 2581 etiam

351 2615 546 2687 verbo
593 2616 940 2688 adhaerere
985 2617 1218 2711 opinari
1267 2616 1608 2687 videantur.
1944 2672 1951 2679 .
2452 2696 2457 2701 .

528 2725 678 2795 Post
722 2724 842 2793 hoc
887 2722 1334 2796 enunciationis
1391 2722 1936 2818 amplificationum
1996 2744 2237 2813 genus»,
2294 2720 2465 2815 quod
2527 2721 2607 2795 ad

349 2826 609 2897 verbum
655 2829 880 2901 attinet
926 2841 992 2900 et
1037 2831 1483 2921 dependentiae
1529 2829 1879 2921 categorias
1924 2828 2359 2923 complectitur
2374 2856 2407 2911 ,·
2439 2826 2605 2897 aliud
2656 2906 2660 2909 ,

217 2956 226 2965 ·
351 2956 554 3023 genus
599 2934 768 3028 quod
813 2935 894 3005 ad
939 2935 1318 3007 substantiva
1375 2935 1652 3025 refertur
1713 2945 1779 3005 et
1840 2936 2272 3006 inhaerentiae
2326 2933 2608 3005 continet

351 3039 624 3109 rationes
670 3063 837 3109 nunc
882 3040 1062 3110 latius
1121 3042 1606 3113 consideremus.
1702 3045 1919 3127 Quum
1974 3053 2185 3113 autern
2245 3063 2385 3111 eam
2442 3062 2605 3133 quae

351 3146 516 3217 inter
561 3146 986 3239 praedicatum
1033 3159 1098 3219 et
1143 3148 1496 3241 subjectum
1541 3160 1639 3219 est
1678 3150 1983 3220 rationem
2014 3147 2398 3242 appellamus
2428 3146 2603 3215 coin·

352 3254 719 3334 cidentiam,
766 3253 826 3322 id
873 3264 1020 3348 apte
1066 3253 1181 3323 dici
1228 3277 1414 3348 posse
1460 3254 1605 3325 mihi
1651 3256 1929 3337 videtur,
1986 3258 2075 3327 ad
2119 3253 2605 3341 coincidentiam

351 3359 822 3454 exprimendam
866 3362 1079 3431 valere
1125 3361 1351 3433 suffixa
1392 3362 1795 3454 personalia,
1844 3360 1921 3431 ad
1968 3360 2445 3452 dependendam
2486 3358 2601 3429 de·-

349 3467 794 3549 monstrativa‚
839 3473 1129 3554 (casuum
1162 3468 1390 3551 exime,
1436 3468 1979 3562 praepositiones),
2024 3465 2104 3535 ad
2146 3465 2604 3536 inhaerentiam
2640 3505 2644 3509 -

349 3572 699 3658 relativa.*)
775 3575 998 3667 Itaque
1043 3574 1302 3645 demum
1348 3574 1428 3643 ad
1474 3574 1789 3671 proprium
1834 3571 2233 3668 pervenimus
2280 3570 2602 3641 consilium

351 3688 651 3749 nostrum.

523 3784 626 3854 Ac
669 3784 936 3878 primum
982 3785 1234 3881 quidem
1281 3785 1730 3878 congruentiae
1784 3785 2033 3855 rationis
2090 3784 2209 3853 vim
2267 3804 2343 3853 ac
2400 3782 2600 3853 notio·

351 3912 496 3961 nem
541 3890 922 3963 definiamus.
987 3892 1264 3965 Vidimus
1307 3894 1614 3975 homines⁹
1658 3891 1764 3985 qui
1809 3913 2059 3985 semper
2103 3899 2299 3969 totam
2332 3889 2599 3984 aliquam

352 3997 557 4067 dicant
599 3998 999 4082 sententiam,
1043 4000 1310 4093 primum
1355 3998 1612 4093 quidem
1660 4020 1785 4067 una
1830 4020 1971 4068 eam
2018 4017 2195 4080 voce,
2242 4018 2442 4090 eaque
2486 4018 2601 4067 ra-

351 4101 521 4184 dice,
589 4105 970 4197 expressisse
998 4157 1020 4187 ,
1091 4106 1318 4179 deinde
1375 4115 1591 4177 autem
1648 4126 1841 4199 quum
1900 4103 2139 4174 animus
2195 4111 2261 4173 et
2317 4101 2597 4173 subtilius

329 4208 710 4280 ‚discernere
741 4220 834 4289 ,εἰ
888 4212 1104 4283 fortius
1164 4210 1701 4308 comprehendere
1760 4209 2101 4305 coepisset,
2160 4208 2323 4279 hane
2378 4229 2597 4279 vocem

350 4356 774 4387 -Ψ--ῠ--·-·-··--

489 4440 542 4511 ·)
575 4438 660 4497 De
693 4441 1022 4499 nominativi
1055 4442 1141 4501 vel
1176 4442 1408 4517 subjecti
1443 4442 1606 4515 tigno
1643 4440 1769 4501 vide
1804 4456 2111 4511 excursum.
