3225 5259
1406 352 1488 419 19

321 569 448 641 que
496 546 798 638 temporis
841 555 1160 613 momento
1203 568 1346 613 cum
1379 545 1498 613 hac
1527 544 1794 637 prolata,
1842 546 2153 613 actionem
2200 547 2295 615 vel
2342 556 2579 635 statum·

321 652 398 723 ad
445 673 778 745 personam
823 651 921 720 vel
968 674 1143 731 rem,
1201 650 1282 719 de
1327 672 1450 744 qua
1497 651 1707 720 sermo
1754 661 1869 731 est,
1917 652 2307 721 referamus?
2377 652 2573 736 Quod

321 782 469 833 vero
501 779 719 828 omnes
753 780 914 851 quae
947 757 1342 848 agglutinant
1373 758 1623 847 linguae
1655 768 1763 829 aut
1794 780 1955 851 quae
1987 758 2103 827 alio
2133 756 2322 837 modo
2354 780 2390 827 a
2424 781 2571 827 vera

323 863 593 933 flexione
648 863 1099 945 aberraverint,
1145 885 1268 943 non
1317 861 1584 955 adeptae
1633 873 1792 935 sunt.
1852 866 2138 957 Namque
2185 866 2285 933 ich
2330 866 2573 940 liabend

323 970 418 1039 vel
464 970 565 1038 ich
611 972 824 1040 setena
869 970 1114 1038 liebend
1154 992 1365 1039 veram
1413 992 1579 1059 nego
1630 993 1770 1041 esse
1811 969 2343 1039 enunciationem:
2391 970 2577 1056 deest

325 1076 491 1145 enim
539 1076 865 1169 copulatio.
957 1076 1180 1170 Itaque
1240 1076 1450 1166 lingua
1494 1076 1829 1168 Japonica,
1888 1076 2061 1168 cujus
2108 1076 2295 1148 verba
2341 1100 2569 1170 perso-

323 1206 543 1253 narum
573 1182 764 1273 signis
796 1192 1070 1263 careant,
1117 1182 1393 1275 quamvis
1423 1178 1582 1254 'cum
1613 1182 1687 1261 iis
1720 1194 1817 1250 ter
1851 1182 1945 1249 vel
1978 1192 2203 1276 quater
2234 1182 2351 1251 alia
2381 1184 2573 1271 verba

325 1288 635 1360 abstracta
680 1298 752 1358 ut
797 1312 927 1359 esse
973 1297 1038 1357 et
1078 1290 1291 1379 facere
1335 1287 1691 1378 conjungat,
1738 1312 1819 1357 ne
1864 1288 2376 1381 simplicissimam
2423 1290 2571 1383 qui-

327 1393 469 1463 dem
519 1382 1017 1464 enunciationem
1064 1417 1214 1463 vere
1261 1394 1532 1463 formare
1578 1404 1804 1487 potest.
1884 1393 2171 1486 Itemque
2218 1394 2373 1465 aliae
2398 1419 2573 1488 -per-

327 1500 584 1582 multae,
631 1524 792 1593 quae
840 1524 1244 1593 personarum
1295 1500 1488 1589 signis
1535 1510 1822 1579 careant,
1871 1499 2205 1593 multisque
2250 1499 2451 1572 modis
2499 1524 2571 1569 ea

328 1628 734 1697 compensare
782 1617 1106 1677 conentur.
1196 1608 1478 1675 Frustra.

501 1712 588 1781 At
635 1712 736 1781 hic
781 1711 858 1781 ad
907 1723 1188 1783 nostrum
1236 1712 1623 1805 propositum
1670 1736 1793 1781 non
1843 1712 2139 1803 pertinet,
2185 1711 2381 1781 varias
2422 1734 2573 1805 pers

328 1818 505 1912 sequi
534 1818 831 1899 rationes»,
876 1817 1103 1912 quibus
1135 1819 1388 1909 linguae
1419 1816 1609 1888 verba
1645 1818 1912 1887 formare
1945 1818 2342 1898 tentaverint,
2383 1842 2573 1911 prae-

328 1925 541 1998 sertim
588 1947 782 2018 quum
829 1924 994 1993 infra
1034 1924 1278 2016 saepius
1327 1925 1406 1993 de
1455 1922 1852 2015 generalibus
1900 1924 2285 2013 singularum
2321 1922 2581 2015 Ιίηςυξζ-1

326 2054 466 2099 rum
514 2029 1017 2124 proprietatibuS,
1065 2035 1279 2124 itaque
1326 2030 1408 2099 de
1449 2029 1655 2100 verbis
1688 2031 1877 2099 etiam
1914 2031 2209 2105 nonnulla
2240 2030 2577 2099 afferamus

328 2159 588 2206 necesse
633 2134 932 2206 videatur.
1001 2142 1010 2153 '

506 2241 633 2311 Sed
681 2243 1006 2336 Copticum
1054 2242 1314 2311 verbum
1360 2241 1533 2311 brevi
1580 2242 1683 2311 hic
1714 2251 1966 2311 notetur
1998 2251 2248 2334 oportet
2280 2265 2356 2312 eo
2388 2243 2577 2313 modo

332 2349 581 2419 formari
625 2348 894 2440 saepiuS,
941 2359 1014 2416 ut
1058 2348 1444 2441 participium
1492 2371 1637 2417 cum
1682 2349 1961 2439 subjecto
2007 2349 2376 2442 pronomine
2407 2351 2577 2421 rela-

332 2455 457 2525 tivo
503 2455 940 2546 conjungatur,
989 2476 1044 2521 e.
1092 2476 1154 2543 g.
1200 2454 1417 2527 NT‘OK
1460 2463 1572 2527 ETt
1614 2469 1795 2527 NATI
1838 2464 1910 2521 tu
1954 2452 2158 2533 dabis,
2213 2457 2465 2548 proprie
2512 2472 2581 2526 tu

334 2561 448 2652 qui
505 2562 777 2658 daturus
834 2583 950 2652 pro
1011 2559 1284 2649 regulari
1333 2560 1528 2628 forma
1573 2575 1853 2633 ERNATI
1908 2547 2009 2629 vel
2046 2568 2317 2641 R‘NAT15
2370 2562 2579 2636 NT‘OF

334 2682 432 2741 ET
461 2684 534 2740 01
564 2667 620 2736 is
651 2680 740 2735 est
769 2667 1021 2759 proprie
1052 2668 1270 2757 is'qui
1314 2690 1423 2737 ens
1469 2689 1582 2759 pro
1626 2665 1899 2755 regulari
1947 2680 2075 2754 FOI,
2122 2664 2397 2759 itemque
2440 2687 2579 2735 sae-

332 2772 490 2865 pius.
582 2773 678 2842 Ac
733 2773 1010 2867 quamvis
1067 2772 1230 2841 hanc
1285 2770 1580 2865 loquendi
1642 2769 1947 2837 rationem
2017 2793 2138 2839 non
2208 2794 2438 2864 negem
2512 2774 2577 2841 in

334 2878 634 2972 principio
681 2878 1014 2949 adhibitam
1063 2874 1206 2947 esse'
1249 2900 1324 2945 eo
1372 2868 1661 2955 consilio,
1728 2886 1795 2944 ut
1852 2875 2132 2968 subjecto
2190 2877 2449 2949 accedat
2490 2878 2581 2947 vis

335 2985 644 3079 quaedam
689 3008 764 3052 ac
810 2983 1083 3077 pondus,
1142 2992 1352 3052 tamen
1401 3004 1538 3051 eam
1585 2993 1804 3075 postea
1864 3006 1985 3051 non
2034 3005 2284 3076 semper
2328 2982 2580 3079 quidem

339 3090 721 3181 singularem
793 3088 1306 3180 significationem
1388 3086 1679 3157 habuisse
1762 3099 2005 3158 certum
2073 3088 2335 3159 videtur.
2450 3088 2581 3161 Sed

340 3197 580 3267 etiamsi
633 3197 906 3286 linguam
939 3195 1261 3289 Copticam
1311 3194 1661 3285 generatim
1708 3193 1777 3263 iis
1823 3200 1987 3288 quae
2030 3193 2219 3263 verba
2266 3193 2583 3267 declinent

339 3304 562 3395 linguis
608 3304 808 3395 potius
855 3325 1040 3397 quam
1087 3300 1521 3395 quae‘suffixa
1569 3299 1959 3391 agglutinent
1991 3323 2405 3372 annumerare
2440 3325 2579 3372 ma-

341 3411 480 3491 lim,
509 3410 1000 3503 «Aegyptiosque
1048 3408 1226 3477 sicuti
1275 3408 1336 3474 in
1401 3405 1798 3496 imaginibus.
1834 3416 1899 3475 et
1955 3407 2293 3475 simulacris
2336 3420 2581 3479 rectam

339 3516 534 3607 magis
580 3524 1063 3608 accuratamque
1108 3513 1534 3582 membrorum
1582 3510 2058 3607 descriptionem
2106 3534 2579 3606 consequeren-

339 3634 443 3693 tur
488 3644 672 3717 quam
721 3623 1060 3691 formarum
1109 3627 1531 3700 venustatem,
1589 3620 1673 3687 ita
1736 3620 1795 3687 in
1845 3618 2055 3709 lingua
2102 3617 2371 3687 creanda
2412 3619 2580 3711 logi-

338 3752 471 3799 cam
531 3728 782 3817 linguae
841 3737 1082 3820 partem
1141 3725 1362 3793 melius
1417 3725 1691 3795 sensisse
1751 3748 1935 3817 quam
1990 3747 2141 3794 voce
2200 3726 2611 3819 expressisse.

341 3833 712 3907 contendam
741 3887 758 3916 ,
841 3854 1074 3925 eosque
1144 3834 1374 3901 mentis
1444 3855 1707 3902 acumen
1776 3831 1982 3901 minus
2038 3854 2222 3925 quam
2282 3854 2581 3902 sonorum

336 3940 501 4009 bene
549 3938 1036 4032 separandorum
1085 3946 1151 4006 et
1197 3937 1771 4029 conjungendorum
1818 3937 2177 4007 facultatem
2222 3947 2409 4031 atque
2443 3962 2581 4009 eam

341 4068 525 4137 quam
573 4070 655 4115 ex
701 4046 984 4115 oratione
1029 4043 1303 4113 suaviter
1347 4043 1591 4114 sonanti
1652 4044 1926 4137 capimus
1972 4044 2351 4136 voluptatem
2398 4043 2580 4113 dele-

343 4151 501 4221 cisse
548 4173 860 4231 censeam,
907 4162 1114 4224 tamen
1142 4154 1383 4221 'sonum
1431 4149 1508 4221 ad
1549 4160 1829 4221 mentem
1859 4149 2125 4231 multum
2159 4149 2419 4219 valuisse
2452 4148 2579 4217 veri

345 4257 722 4327 simillimum
766 4254 1030 4325 videtur.
1093 4258 1310 4339 Quare
1360 4257 1592 4325 factum
1640 4267 1756 4337 est,
1804 4266 1877 4325 ut
1918 4254 2141 4324 suffixa
2173 4276 2317 4325 cum
2351 4254 2580 4324 radici-

345 4363 463 4433 bus
494 4386 615 4433 non
648 4360 814 4431 bene
845 4362 1295 4442 coalescerent,
1341 4361 1453 4430 sed
1484 4360 1665 4432 facile
1692 4361 1773 4433 ab
1805 4361 1881 4429 iis
1910 4361 2317 4434 solverentur.
2367 4362 2583 4443 Quum

231 4518 236 4525 -
347 4478 558 4543 autem
603 4469 948 4561 Coptorum
1009 4467 1250 4542 animus
1305 4468 1499 4537 multa
1557 4466 1619 4536 in
1668 4490 1956 4541 sermone
2002 4465 2366 4561 pronomine
2411 4466 2579 4538 rela-

2072 4573 2167 4640 2.
