3225 5259
1527 331 1613 399 29

439 530 658 599 vidum
689 536 804 597 est.
873 529 1068 597 Nam:
1119 528 1330 597 Oicero
1361 526 1632 617 cupidus
1658 524 1905 615 ylariae
1950 533 2057 592 aut
2094 524 2411 597 Ciceronis
2456 530 2687 620 cupido

438 636 580 726 (est)
626 635 903 725 qloriae,
965 635 1252 705 Gicero's·
1277 634 1578 723 Beqierde
1624 632 1759 722 (ist)
1804 631 1971 698 nach
2015 632 2259 710 Ruhm,
2320 633 2369 701 si
2419 632 2687 723 logicum

437 740 804 833 respicimus
850 738 1198 809 sententiae
1245 749 1721 831 argumentum,
1779 736 1950 805 idem
2012 735 2158 805 dicit
2210 736 2414 833 quod:
2476 741 2687 810 Cicero

439 848 612 939 cupit
653 847 948 937 yloriam.
1038 846 1172 913 Has
1219 845 1371 913 duas
1419 841 1884 914 enunciationes
1930 842 2226 913 Sinenses
2272 868 2399 914 non
2448 845 2688 916 discer-

303 998 309 1003 -
437 963 628 1033 nunt,
691 976 887 1046 quum
944 950 1416 1040 grammaticum
1479 975 1604 1020 non
1664 948 1939 1019 habeant
1991 948 2253 1019 verbum
2312 962 2379 1021 et
2436 976 2686 1021 nomen.

440 1060 658 1142 Quare
718 1058 908 1128 verba
956 1080 1117 1151 quae
1166 1055 1379 1127 dicunt
1431 1072 1608 1127 mota
1662 1056 1744 1124 ita
1803 1054 2221 1145 intelligamus
2278 1066 2559 1149 oportet,
2614 1070 2690 1128 ut

436 1164 626 1234 verba
677 1164 984 1257 objectiva
1027 1164 1124 1232 vel
1174 1164 1512 1233 transitiva
1557 1187 1699 1233 cum
1758 1162 1831 1231 iis
1876 1160 2185 1253 adjectivis
2231 1172 2297 1231 et
2343 1163 2686 1234 substanti-

437 1272 527 1340 vis
575 1268 1132 1365 comprehendant,
1178 1292 1361 1364 quae,
1408 1278 1705 1362 tanquam
1750 1267 2063 1361 participia
2109 1278 2177 1337 et
2220 1268 2513 1339 infinitiva
2562 1272 2686 1339 ho-

435 1402 576 1447 rum
633 1376 964 1447 verborum
1022 1398 1185 1469 quae
1243 1374 1460 1443 dicunt
1520 1374 2003 1465 objectivorum,
2062 1373 2310 1467 aliquod
2370 1374 2689 1467 objectum

439 1483 724 1577 accipere
769 1492 1047 1575 possunt.
1119 1480 1246 1550 Sed
1295 1479 1484 1550 verba
1530 1504 1693 1574 quae
1740 1480 2031 1549 dicuntur
2076 1479 2421 1570 subjectiva
2448 1480 2545 1549 vel
2586 1482 2689 1550 in-

441 1588 804 1668 transitiva,
849 1611 1013 1682 quae
1060 1588 1230 1657 nullo
1278 1587 1468 1657 modo
1495 1584 1811 1679 objectum
1850 1584 2105 1666 habent,
2152 1608 2273 1654 una
2310 1607 2451 1655 cum
2487 1586 2689 1678 pluri-

437 1696 551 1763 mis
586 1692 932 1763 nominibus
965 1694 1355 1787 appellantur
1389 1693 1578 1763 verba
1605 1692 1990 1783 quiescentia
2012 1692 2109 1761 vel
2141 1705 2417 1760 mortua.
2466 1692 2689 1784 ltaque

438 1801 753 1893 objectum
811 1809 940 1881 est,
999 1799 1172 1891 cujus
1235 1797 1423 1867 solius
1482 1798 1637 1866 ratio
1698 1807 1795 1866 est
1851 1795 2059 1867 hahita
2115 1797 2173 1865 in
2239 1796 2689 1888 distinguendis

437 1906 732 1977 orationis
790 1904 1088 1999 partibus.
1183 1906 1400 1987 Quare
1457 1904 1818 1972 scholiastes
1877 1902 2117 1972 Sinicus
2174 1926 2368 1996 quum
2426 1926 2687 1973 monere

435 2015 581 2084 velit
625 2012 888 2105 aliquam
934 2034 1156 2081 vocem
1203 2032 1342 2081 esse
1387 2011 1584 2088 vivam
1632 2010 1727 2098 vel
1773 2018 2046 2090 motam,
2104 2007 2306 2100 adjicit
2362 2010 2505 2079 huic
2551 2010 2687 2079 voci

434 2143 784 2215 pronomen
834 2120 954 2188 3ae
1000 2140 1306 2211 personae
1351 2126 1649 2211 tanquam
1695 2115 2031 2207 objectum3
2076 2140 2131 2183 v.
2164 2138 2224 2206 g.
2270 2138 2463 2209 quum
2510 2128 2689 2207 ming]

437 2228 509 2312 (3
535 2226 603 2311 d)
652 2223 1002 2317 significare
1048 2225 1246 2317 possit
1293 2225 1509 2302 lucem,
1555 2224 1822 2302 clarum,
1870 2223 2081 2291 clareo
2112 2244 2275 2315 quae
2306 2244 2429 2290 non
2464 2221 2686 2291 distin-

440 2341 741 2423 guuntur,
801 2336 1009 2419 (miny
1053 2330 1221 2398 enim
1268 2354 1342 2399 ea
1389 2328 1740 2419 significans
1786 2350 2037 2421 semper
2080 2337 2293 2398 manet
2332 2336 2685 2416 mortuum)

439 2448 507 2508 et
549 2439 894 2514 illustrare,
940 2436 1301 2504 scholiastes
1347 2434 1395 2503 si
1441 2433 1652 2503 dicere
1697 2436 1849 2515 vult,
1894 2447 2073 2525 minq
2116 2435 2275 2503 hanc
2305 2446 2685 2528 postremam

437 2542 672 2613 hahere
719 2540 1234 2633 significationem
1282 2552 1517 2615 motam
1581 2562 1652 2609 ac
1712 2540 1939 2623 vivam,
2000 2540 2149 2609 dicit
2203 2553 2381 2630 minq
2431 2539 2543 2622 Ἡ,
2600 2543 2687 2611 il-

439 2654 714 2721 lustrare
755 2650 842 2719 id.

630 2759 924 2840 Quocum
994 2756 1244 2825 omnino
1317 2754 1604 2826 convenit
1673 2753 1783 2835 id,
1856 2754 2026 2849 quod
2099 2756 2396 2827 Sinenses
2466 2777 2686 2823 vocum

439 2872 636 2955 agunt
680 2854 1008 2956 positione.
1069 2862 1214 2944 Qua
1259 2861 1319 2931 id
1369 2862 1723 2957 exprimere
1770 2861 2046 2942 student,
2094 2871 2303 2930 utrum
2350 2884 2471 2929 vox
2502 2862 2684 2931 a'liam

439 2979 748 3063 quatenus
794 2965 1218 3059 quiescentem
1267 2990 1344 3036 an
1391 2967 1597 3061 quoad
1630 2978 1863 3037 motam
1899 2966 2168 3036 definiat.
2235 2969 2387 3048 Aut,
2419 2976 2489 3035 ut
2518 2966 2684 3036 idem

440 3074 574 3143 aliis
621 3072 821 3142 dicam
867 3070 1090 3154 verbis„
1135 3071 1196 3141 id
1245 3073 1565 3153 denotant,
1610 3084 1823 3142 utrum
1874 3073 2153 3165 qualitas
2199 3072 2456 3164 alicujus
2504 3072 2684 3163 cogi-

439 3180 688 3249 tationis
734 3203 808 3248 an
859 3179 991 3271 ejus
1039 3179 1233 3249 motio
1280 3178 1377 3248 vel
1421 3180 1647 3248 relatio
1697 3179 2255 3261 circumscribatur.
2323 3179 2683 3249 Verborum

439 3275 633 3377 igitur
689 3284 907 3355 ordine
964 3286 1259 3355 Sinenses
1327 3286 1755 3354 inhaerentiae
1823 3309 2010 3379 quam
2078 3284 2343 3355 diximus
2410 3286 2686 3355 rationes

438 3392 546 3478 (ad
593 3414 747 3486 quas
791 3390 1053 3482 subjecti
1107 3392 1204 3461 vel
1255 3392 1706 3461 coincidentiae
1763 3392 1953 3461 etiam
2008 3392 2313 3461 rationem
2372 3393 2686 3477 referunt)

440 3508 506 3567 et
551 3498 994 3589 dependentiae
1037 3499 1342 3567 acerrime
1388 3497 1794 3589 distinguunt.
1885 3500 2105 3590 ltaque
2163 3522 2355 3591 quum
2417 3498 2685 3569 attribu-

437 3615 572 3674 tum
616 3605 679 3673 in
729 3604 936 3693 lingua
985 3602 1187 3672 Sinica
1237 3604 1318 3673 sit
1363 3626 1619 3697 prorsus
1677 3604 1841 3674 aliud
1885 3602 2218 3698 quiddam,
2277 3599 2463 3696 quam
2520 3604 2685 3697 apud

437 3734 582 3791 noa,
637 3709 954 3801 objectum
1001 3710 1209 3790 etiam,
1255 3711 1484 3803 quippe
1531 3710 1696 3804 quod
1746 3710 2042 3779 attributo
2088 3719 2462 3801 opponatur,
2508 3710 2687 3788 aliter

438 3826 536 3886 est
577 3813 1068 3905 intelligendum.
1138 3818 1350 3909 Atque
1385 3816 1736 3886 enunciatio
1770 3816 1977 3886 Sinica
2008 3838 2080 3885 re
2111 3838 2257 3885 vera
2289 3838 2495 3909 neque
2526 3817 2684 3887 sub-

428 3922 665 4012 jectum
701 3943 906 4014 neque
939 3922 1362 4014 praedicatum
1395 3924 1693 3992 continet.
1742 3920 1869 3990 Sed
1902 3923 2199 3991 Sinenses
2228 3923 2315 3991 ita
2346 3922 2685 3993 sententias

439 4027 805 4108 enunciant,
863 4035 933 4096 ut
979 4026 1244 4122 aliquam
1292 4030 1598 4098 actionem
1656 4029 1751 4098 vel
1800 4037 2027 4097 statum
2076 4040 2445 4121 proponant,
2492 4050 2683 4098 accu-

436 4131 856 4226 ratioremque
901 4133 1034 4226 ejus
1081 4135 1542 4216 definitionem,
1589 4136 1949 4230 qualitatem
1994 4144 2061 4203 et
2103 4134 2506 4214 relationem,
2564 4134 2683 4203 ad-

441 4238 594 4307 dant
645 4239 762 4321 ita,
819 4249 890 4308 ut
941 4241 1098 4310 haec
1151 4252 1482 4337 sequatur,
1539 4243 1638 4311 illa
1696 4240 2039 4311 antecedat.
2146 4242 2367 4335 ltaque
2424 4242 2681 4335 praedi-

442 4354 650 4415 catum
697 4344 974 4414 Sinicum
1017 4368 1238 4417 revera
1285 4356 1383 4417 est
1427 4349 1598 4441 quasi
1664 4348 2117 4419 enunciationis
2163 4346 2543 4439 subjectum,
2602 4348 2681 4415 de

437 4476 565 4545 quo
610 4445 1020 4545 praedicatur,
1065 4452 1162 4522 vel
1212 4457 1416 4545 potius
1463 4453 1631 4546 quod
1677 4453 1981 4526 definitur.
2078 4453 2265 4537 Quod
2312 4454 2540 4525 mirum
2587 4455 2681 4522 vi-
