3225 5259
1640 297 1763 366 ⁴28

2112 421 2142 464 ι

565 506 624 562 et
666 493 762 562 ita
801 493 1006 582 yenit.
1097 494 1300 562 Recte
1323 562 1326 570 ,
1347 491 1555 573 etiam,
1601 492 1651 560 si
1700 493 1805 573 vis,
1848 491 1969 562 ita:
2026 493 2363 583 suspirans
2407 515 2483 562 ea
2526 491 2815 579 (femina)

565 599 773 688 yemis.
865 597 1108 668 Omnes
1153 599 1264 668 has
1314 598 1625 668 versiones
1668 598 1971 691 approbo,
2017 621 2210 692 quum
2236 597 2593 672 ¹verborum
2640 598 2813 668 Sini-

563 727 782 774 corum
827 705 1232 774 collocatione
1289 703 1352 772 id
1393 712 1641 774 tantum
1684 704 2021 787 indicetur,
2078 727 2291 776 vocem
2348 703 2430 773 k'z·
2482 705 2650 774 inter
2701 704 2816 778 lsai

565 820 634 879 et
678 808 806 882 ι’άη
849 811 1120 904 positum
1165 810 1244 880 ad
1289 811 1414 880 duo
1461 833 1602 880 esse
1646 810 2063 883 referendam.
2156 811 2286 882 Sed
2329 811 2394 881 id
2440 820 2715 894 constat,
2760 814 2813 883 si

565 917 958 1010 paraphrasis
1005 917 1248 989 Sinicae
1295 918 1744 1010 interpretandi
1791 917 2051 988 modum
2106 917 2185 989 ad
2232 927 2515 989 nostrum
2548 916 2720 1010 ‘cinq
2764 925 2817 990 ti

551 1021 678 1114 ju&
722 1021 1108 1104 adhibemuS,
1154 1022 1524 1092 vertendum
1571 1047 1740 1094 esse:
1786 1027 2131 1116 imperator
2162 1040 2251 1095 est
2277 1025 2653 1097 venerabilis
2680 1026 2811 1096 ita-

563 1153 688 1220 que
732 1130 932 1210 dixit,
990 1129 1201 1222 itaque
1248 1131 1500 1224 proprie
1559 1131 1716 1200 duas
1762 1131 2068 1200 habemus
2114 1133 2464 1203 sententias*
2496 1141 2686 1226 atque
2730 1131 2811 1200 ab

563 1236 682 1306 hac
726 1245 904 1329 parte
962 1235 1326 1306 attributum
1372 1246 1436 1306 et
1480 1237 1909 1330 praedicatum
1966 1261 2091 1306 uon
2151 1250 2298 1308 suut
2352 1238 2671 1319 distincta,
2732 1236 2810 1306 ab

562 1342 668 1412 illa
711 1351 889 1436 parte
935 1342 1302 1414 attributum
1351 1352 1416 1414 et
1460 1343 1810 1436 subjectum
1856 1347 2003 1414 sunt
2047 1345 2321 1414 confusa.

741 1448 872 1518 Sed
915 1449 1047 1518 tota
1095 1451 1542 1520 enunciationis
1589 1451 1839 1522 Sinicae
1898 1450 2311 1530 constructio,
2368 1473 2491 1544 qua
2550 1472 2811 1520 accura-

561 1562 691 1622 tam
737 1563 805 1623 et
849 1555 1212 1625 concinnam
1259 1556 1424 1626 illam
1471 1556 1787 1646 attingunt
1832 1555 2322 1649 expressionem,
2374 1558 2435 1627 in
2486 1580 2563 1628 eo
2606 1557 2812 1650 posita

563 1669 680 1741 est,
725 1659 893 1754 quod
939 1663 1316 1731 attributum
1335 1671 1428 1732 ·et
1473 1661 1785 1753 objectum
1830 1664 1923 1732 vel
1971 1663 2431 1734 inhaerentiam
2478 1673 2545 1734 et
2574 1667 2811 1755 depen-

561 1768 846 1836 dentiam
889 1765 1286 1841 subtilissime
1333 1767 1769 1862 acerrimeque
1800 1767 2210 1860 distinguunt,
2255 1793 2450 1864 quum
2479 1769 2633 1840 illud
2664 1779 2810 1840 ante

563 1869 856 1954 verbum,
900 1873 1019 1943 hoc
1063 1897 1212 1944 vero
1259 1883 1400 1968 post
1441 1874 1503 1944 id
1548 1883 1804 1968 ponant.
1896 1876 2121 1969 Itaque
2168 1877 2458 1958 verbum,
2516 1875 2809 1966 gravissi-

561 2001 736 2046 mum
782 1979 1133 2050 sententiae
1181 1981 1588 2060 elementum,
1632 1981 1799 2050 inter
1827 1980 2220 2065 attributum,
2267 1982 2345 2052 ad
2374 1981 2544 2077 quod
2574 2005 2809 2052 secun-

565 2083 716 2154 dum
759 2083 1112 2156 Sineusium
1159 2109 1412 2157 sensum
1457 2085 1806 2177 subjectum
1852 2098 1919 2157 et
1962 2088 2326 2160 adverbium
2360 2088 2699 2184 pertinent,
2744 2096 2811 2158 et

550 2190 730 2260 >inter
775 2192 1092 2284 objectum
1134 2192 1199 2262 in
1229 2191 1439 2263 medio
1467 2193 1765 2275 consistit,
1798 2193 2182 2290 duobusque
2213 2194 2528 2277 definitur,
2574 2219 2807 2290 quum-

561 2320 688 2390 que
736 2296 862 2372 duo
895 2298 1384 2392 comprehendat
1413 2309 1600 2394 atque
1632 2307 1704 2368 ut
1730 2299 1813 2370 ita
1844 2300 2045 2371 dicam
2077 2311 2280 2392 regat,
2326 2301 2565 2372 firmam
2600 2325 2807 2372 enun-

563 2403 848 2473 ciationis
895 2404 1086 2475 efficit
1131 2406 1452 2475 unitatem.

744 2512 1207 2598 Grammaticas
1236 2511 1488 2606 quidem
1521 2513 1867 2603 categorias
1898 2523 2139 2585 nostras
2171 2516 2469 2588 Sinenses
2501 2539 2623 2586 nou
2654 2537 2806 2584 sen-

565 2617 750 2700 tiunt,
795 2620 1270 2710 grammaticum
1305 2617 1472 2713 quod
1503 2619 1666 2688 inter
1698 2643 1931 2690 nomen
1964 2631 2062 2690 est
2092 2629 2157 2690 et
2186 2621 2449 2692 verbum
2480 2621 2806 2697 discrimen

561 2724 872 2815 ignorant,
918 2725 1030 2796 sed
1079 2726 1346 2816 loqioum
1389 2725 1627 2818 optime
1672 2723 2151 2819 perspexerunt.
2226 2727 2455 2819 Logica
2497 2739 2711 2808 autem
2742 2738 2809 2796 et

561 2831 966 2922 grammatica
1021 2831 1336 2922 categoria
1389 2831 1474 2901 ita
1520 2831 2010 2922 distinguuntur,
2067 2841 2139 2902 ut
2190 2834 2295 2904 illa
2350 2834 2413 2904 iu
2471 2832 2807 2904 verborum

563 2939 1040 3034 iustificatione,
1087 2959 1278 3032 quam
1321 2936 1558 3008 habent
1599 2939 1661 3009 in
1701 2941 2005 3010 sententia
2048 2939 2145 3010 vel
2178 2940 2457 3032 judicio,
2502 2949 2807 3020 versatur,

455 3067 470 3086 ·
561 3046 718 3114 haec
762 3068 910 3115 vero
955 3067 1176 3114 vocum
1219 3047 1471 3136 formae
1525 3067 1874 3140 eorumque
1926 3047 2240 3130 muneriS,
2298 3072 2423 3142 quo
2478 3047 2541 3118 in
2598 3069 2807 3119 enun-

561 3151 834 3222 ciatione
863 3152 1224 3241 ¹funguntur
1267 3151 1608 3232 formanda,
1654 3151 1844 3223 habet
1888 3153 2219 3222 rationem.
2306 3154 2611 3244 Logicum
2658 3174 2805 3220 ver-

561 3256 713 3327 bum
758 3281 794 3328 a
838 3259 1090 3328 nomine
1133 3258 1218 3328 ita
1263 3257 1653 3341 discernitur,
1698 3258 1867 3352 quod
1910 3258 2061 3329 illud
2108 3257 2447 3328 motionem
2495 3257 2806 3353 quandam

559 3371 754 3458 atque
799 3365 1132 3446 actionem,
1177 3365 1302 3434 hoc
1345 3363 1572 3458 aliquid
1620 3364 1997 3459 quiescentis
2042 3376 2115 3435 ut
2156 3365 2517 3459 qualitatem
2553 3372 2619 3433 et
2648 3363 2805 3434 sub-

559 3467 848 3540 stantiam
894 3469 1224 3561 significat.
1315 3470 1444 3542 Sed
1491 3472 1967 3562 grammaticum
2010 3468 2269 3541 verbum
2326 3479 2425 3542 est
2478 3468 2573 3552 id,
2634 3468 2806 3565 quod

558 3574 896 3668 praedicet,
932 3588 1000 3646 et
1028 3601 1283 3659 nomen,
1327 3576 1494 3671 quod
1525 3577 1987 3676 praedicatione
2021 3577 2305 3648 afficitur.
2372 3579 2595 3672 Itaque
2628 3575 2805 3646 valde

559 3705 909 3766 caveamus,
955 3706 1037 3752 ne
1083 3685 1482 3776 sejungamus
1527 3684 1697 3780 quod
1742 3685 1877 3778 ipsa
1920 3683 2134 3774 lingua
2176 3685 2272 3754 vel
2320 3681 2533 3776 populi
2562 3683 2805 3752 animus

559 3813 682 3860 non
732 3789 1089 3880 distinguat.
1157 3789 1502 3863 Audiamus
1547 3802 1760 3862 autem
1803 3789 2167 3861 vernaculos
2198 3789 2553 3859 Sinensium
2584 3810 2805 3879 gram-

557 3895 832 3966 maticos.
906 3896 1034 3980 Qui
1083 3895 1413 3968 discrimen
1461 3898 1696 3968 faciunt
1736 3897 1900 3969 inter
1946 3901 2091 3988 sino
2120 3893 2194 3986 cy
2224 3897 2294 3982 (2
2316 3920 2374 3988 y,
2404 3900 2465 3982 z)
2496 3927 2583 3956 ==
2611 3897 2807 3965 verba

559 4002 780 4072 vivida
845 4003 942 4073 vel
1019 4002 1102 4072 1ιό
1145 4000 1220 4093 cy‘
1269 4005 1340 4089 (3
1364 4028 1422 4087 a,
1465 4006 1602 4090 22)
1649 4037 1735 4064 =
1781 4006 1975 4074 verba
2016 4017 2193 4072 mota
2222 4044 2230 4052 ,
2260 4012 2325 4073 et
2380 4002 2543 4072 inter
2612 3990 2685 4092 ³3)
2730 3999 2805 4091 σῇ

555 4111 628 4196 (3
653 4109 718 4192 b,
749 4111 878 4194 22)
923 4141 1009 4172 τ..-
1054 4113 1248 4180 verba
1290 4125 1552 4180 mortua
1620 4109 1740 4180 vel'
1790 4114 1933 4200 cinq
1976 4106 2051 4199 cy'
2111 4111 2181 4195 (3
2203 4132 2260 4190 c,
2301 4109 2431 4194 22)
2478 4141 2565 4169 =
2610 4109 2807 4178 verba

557 4215 962 4306 quiescentia.
1053 4213 1168 4286 Illa
1210 4215 1416 4312 priora
1461 4214 1750 4286 videntur
1794 4215 2055 4312 quidem
2099 4223 2313 4286 nostro
2337 4213 2551 4286 'verbo
2570 4267 2589 4297 ‚
2644 4213 2805 4286 haec

555 4321 906 4414 posteriora
963 4331 1175 4394 nostro
1233 4322 1463 4416 nomini
1509 4323 1697 4416 piane
1743 4319 2256 4416 coi-respondere.
2346 4319 2478 4392 Sed
2534 4319 2803 4411 cupidus

557 4450 616 4498 e.
645 4449 708 4518 g.
753 4428 920 4524 apud
965 4453 1077 4502 nos
1123 4452 1376 4525 nomen,
1421 4429 1586 4524 apud
1630 4429 1925 4502 Sinenses
1969 4427 2231 4502 verbum
2272 4441 2515 4503 motum
2540 4425 2655 4500 .vel
2700 4424 2801 4496 vi-
