3225 5259
1669 301 1711 366 2

737 494 900 562 Nam
949 494 1334 587 propositum
1379 492 1527 562 mibi
1577 503 1693 572 est,
1742 492 1819 562 de
1866 492 2235 586 pronomine
2267 493 2521 562 relativo
2553 493 2639 563 ita
2682 492 2811 563 dis-

556 619 818 698 serere,
887 608 959 668 ut
1016 600 1338 668 notionem
1395 599 1530 691 ejus
1586 621 1660 667 ac
1720 599 1841 666 vim
1900 589 2290 676 describam,
2360 601 2662 692 cujusque
2730 600 2811 669 sit

560 704 858 774 momenti
907 703 984 774 ad
1033 703 1461 775 admirabilem
1509 705 1709 786 illam,
1767 727 1887 798 qua
1937 705 2189 796 linguae
2236 714 2408 774 tanta
2453 705 2579 775 sint
2622 729 2810 775 men-

558 810 634 878 tis
679 809 1204 905 cogitationisque
1265 809 1619 902 adjumenta
1676 822 1864 906 atque
1924 810 2203 880 idearum
2264 813 2439 905 quasi
2497 810 2809 890 officinae,

558 914 1085 986 corroborandam
1135 940 1446 1010 exponam
1495 928 1895 1010 potestatem.
1970 918 2036 985 In
2084 940 2209 1009 quo
2255 916 2314 985 id
2359 917 2633 986 maxime
2666 939 2809 1007 ago,

558 1031 629 1090 ut
683 1021 852 1116 quod
920 1023 1300 1112 generaliter
1369 1021 1716 1093 definiverit
1772 1024 1909 1104 ille,
1977 1022 2251 1113 singulas
2307 1046 2460 1117 quas,
2528 1022 2808 1091 noverim

559 1126 800 1217 linguas
847 1139 1244 1220 perscrutans
1290 1130 1490 1208 latius,
1535 1139 1605 1196 ut
1652 1139 1897 1221 potem,
1946 1129 2275 1220 explicem.

735 1446 1012 1536 Linguae
1059 1469 1136 1515 co
1183 1446 1474 1516 videntur
1520 1444 2041 1539 praestabilioreS,
2088 1469 2217 1540 quo
2265 1458 2412 1518 sunt
2442 1445 2807 1539 cogitationi

560 1551 1189 1634 accommodatiores,
1235 1576 1360 1648 quo
1407 1551 1606 1638 magis
1650 1550 2101 1621 sententiarum
2160 1551 2449 1644 adjuvant
2493 1552 2806 1623 subtilita-

549 1667 689 1728 tem
733 1680 807 1726 ac
853 1659 1378 1753 perspicuitatem.
1470 1659 1631 1728 Nam
1681 1657 1893 1746 lingua
1950 1667 2048 1727 est
2102 1659 2289 1728 animi
2348 1659 2601 1730 humani
2660 1679 2805 1729 cor-
2831 1659 3020 1759 42]aess
3038 1658 3093 1723 ί]

560 1785 695 1857 pus,
741 1763 907 1856 quod
955 1763 1066 1834 sibi
1111 1765 1246 1858 ipse
1294 1775 1360 1834 et
1405 1766 1467 1833 in
1515 1784 1641 1858 quo
1687 1763 1888 1856 ipsum
1922 1786 1990 1832 se
2023 1765 2273 1834 creavit.
2344 1765 2608 1834 Animus
2641 1767 2807 1833 enim
2940 1757 3084 1802 am.

559 1890 754 1963 quum
798 1868 1014 1939 intima
1059 1870 1191 1961 ejus
1237 1869 1324 1938 vis
1367 1880 1556 1964 atque
1603 1872 1793 1937 virtus
1837 1870 1919 1938 sit
1962 1869 2250 1953 libertas,
2310 1895 2345 1941 a
2394 1872 2535 1940 visis
2581 1867 2809 1963 quibus

560 1971 812 2067 pellitur
856 1973 933 2043 ad
979 1997 1049 2045 se
1096 1986 1444 2054 revocetur,
1491 1975 1713 2068 suique
1758 1973 1946 2068 ipsius
1990 1975 2101 2046 fiat
2145 1987 2367 2071 potens
2398 1997 2659 2046 necesse
2691 1986 2805 2045 est.

563 2081 709 2163 Qua
755 2101 838 2150 ex
882 2103 952 2150 re
998 2103 1411 2174 quaecunque
1465 2079 1755 2150 sensibus
1809 2083 2093 2176 percepit
2148 2081 2262 2152 sibi
2319 2083 2643 2176 proponit,
2702 2081 2806 2174 ip·-

561 2208 826 2279 sumque
873 2209 942 2256 se
988 2185 1103 2256 sibi
1149 2187 1294 2256 facit
1339 2186 1673 2278 objectum.
1754 2186 1949 2288 Quod
1994 2190 2271 2284 quamvis
2316 2199 2446 2259 tota
2494 2199 2642 2280 agat
2684 2187 2805 2256 vita

561 2291 929 2384 actioneque
975 2291 1142 2360 omni
1189 2302 1378 2386 atque
1423 2292 1828 2383 cogitatione,
1875 2294 2144 2388 primum
2191 2305 2399 2364 tamen
2448 2305 2639 2388 atque
2686 2293 2804 2363 ab-

559 2397 937 2468 solutissime
994 2397 1238 2489 perficit
1306 2399 1551 2494 lingua,
1618 2419 1782 2491 quae
1853 2400 1932 2470 sit
1999 2399 2466 2494 quodammodo
2536 2399 2805 2470 mundus

559 2502 833 2599 quidam.

737 2607 900 2680 Nam
947 2607 1116 2686 baec,
1145 2610 1494 2681 nniversam
1543 2612 1821 2681 continet
1864 2634 2077 2681 rerum
2136 2613 2361 2681 seriem
2406 2614 2573 2683 inter
2617 2633 2804 2681 men-

562 2717 642 2787 tis
686 2717 970 2786 notiones
1017 2717 1556 2811 cogitationesque
1600 2718 1867 2811 positam
1915 2727 1982 2788 et
2024 2741 2126 2788 res
2167 2717 2451 2788 sensibus
2482 2715 2802 2798 obnoxias,

562 2822 841 2917 duasque
895 2822 1006 2892 has
1064 2823 1228 2892 inter
1285 2821 1352 2893 s'e
1409 2823 1745 2915 conjungit.
1851 2825 2067 2907 Quum
2126 2823 2293 2894 enim
2349 2825 2633 2894 homines
2704 2825 2803 2892 lo-

562 2937 866 3024 quantur,
936 2925 1163 3022 aliquid
1221 2927 1475 3022 duplicis
1531 2939 1721 3023 atque
1791 2931 2141 3000 contrariae
2210 2929 2469 3002 naturae
2537 2929 2801 3000 faciunt:

562 3055 700 3104 rem
746 3033 805 3102 in
853 3031 1085 3125 aliquid
1132 3035 1471 3127 cogitatum
1515 3046 1761 3107 mutant
1817 3047 1885 3106 et
1944 3037 2219 3128 cogitata
2276 3037 2362 3107 ita
2419 3037 2801 3129 exprimunt,

510 3131 524 3150 ⁸
563 3159 726 3235 quae
771 3137 888 3209 sub
931 3161 1186 3210 sensum
1231 3139 1474 3210 cadant.
1565 3142 1785 3224 Quare
1832 3142 1921 3223 fit,
1967 3152 2041 3211 ut
2085 3143 2296 3233 lingua
2343 3142 2422 3210 sit
2468 3143 2801 3236 aptissima,

560 3266 684 3340 qua
729 3246 1012 3316 homines
1041 3249 1398 3319 universum
1430 3259 1643 3318 mente
1671 3269 1744 3317 ac
1775 3247 2159 3339 cogitatione
2195 3247 2561 3342 percipiant,
2607 3271 2799 3343 quum

561 3354 768 3424 animo
811 3375 916 3422 res
959 3352 1067 3423 tali
1113 3352 1298 3422 modo
1341 3355 1695 3424 immutatas
1738 3353 2068 3447 praebeat,
2128 3365 2198 3424 ut
2244 3355 2302 3424 ei
2349 3353 2475 3423 sint
2528 3356 2799 3425 maxime

563 3468 1040 3529 consentaneae.
1130 3461 1342 3554 ltaque
1387 3459 1594 3550 lingua
1642 3469 1737 3530 est
1793 3459 2273 3529 instrumentum
2320 3458 2664 3554 quoddam,
2720 3460 2799 3530 ab

561 3566 766 3636 animo
811 3575 1134 3644 creatum,
1201 3587 1328 3658 quo
1383 3567 1516 3659 ipse
1574 3565 1675 3636 bic
1731 3556 1845 3658 pr'o
1898 3563 2059 3636 illius
2114 3566 2347 3658 majore
2406 3576 2514 3633 aut
2562 3568 2799 3636 minore

561 3672 946 3764 perfectione
993 3673 1188 3764 magis
1233 3672 1511 3742 minusve
1571 3671 1895 3764 adjuvatur
1948 3671 2368 3764 incitaturque
2429 3682 2537 3741 aut
2590 3673 2797 3740 omni-

559 3777 675 3846 bus
721 3776 1044 3848 cohibetur
1090 3778 1404 3860 curriculis
1447 3787 1641 3872 atque
1686 3777 2147 3847 certaminibus,
2220 3777 2379 3846 Nam
2426 3801 2553 3872 quo
2599 3777 2797 3867 magis

561 3884 768 3953 animo
815 3883 1120 3975 contingit
1165 3894 1254 3964 ut,
1300 3881 1467 3978 quod
1511 3883 1798 3963 diximus,
1844 3905 1879 3952 a
1925 3883 2067 3954 visis
2112 3903 2253 3953 sese
2298 3882 2525 3953 liberet
2554 3882 2795 3976 ipsum-

559 4011 683 4084 que
729 4013 798 4059 se
827 4011 971 4060 cum
1003 3991 1290 4060 omnibus
1319 3989 1625 4069 sensibus,
1670 3988 2171 4082 cogitationibus,
2220 3986 2591 4070 notionibus,
2638 3987 2795 4059 ideis

559 4097 687 4166 suis
733 4095 846 4166 sibi
891 4108 1192 4190 proponat
1235 4097 1295 4166 in
1334 4096 1587 4188 'linguaz
1633 4116 1759 4190 quo
1804 4095 1995 4187 igitur
2038 4094 2346 4165 veriorem
2393 4095 2505 4166 bac
2548 4098 2642 4166 sui
2690 4097 2792 4189 ip·-

460 4267 470 4272 -
558 4201 684 4272 eius
730 4201 996 4295 effingit.
1025 4213 1315 4299 tanquam
1358 4199 1690 4292 imaginem
1740 4221 1813 4270 ac
1857 4199 2193 4294 perfectius
2238 4200 2665 4274 simulacrum:
2706 4215 2789 4276 '0⁰

559 4308 759 4400 magis
805 4309 1266 4392 corroboratur,
1313 4331 1391 4379 eo
1427 4307 1846 4399 'cogitationes
1890 4306 2051 4376 fiunt
2094 4305 2419 4378 viridiores
2432 4360 2450 4389 ,
2497 4329 2574 4378 eo
2609 4302 2787 4398 judi·-

558 4415 721 4484 cium
767 4415 838 4485 fit
881 4416 1100 4488 acrius.
1192 4426 1402 4511 Atque
1447 4421 1596 4485 ver'o
1654 4435 1778 4486 non
1836 4411 2027 4484 modo
2070 4435 2175 4485 res
2218 4416 2623 4485 nominentur
2668 4433 2786 4480 co·-
