3225 5259
1648 252 1735 325 56

558 469 822 543 guarum
871 448 1118 519 nomina
1162 455 1309 519 sunt
1353 470 1518 541 quae
1577 448 1897 533 diximus),
1954 446 2255 519 Boudion
2282 524 2289 529 ,
2314 448 2433 520 vel·
2458 448 2813 538 molensi

559 564 624 648 et
673 557 1016 649 Conyensi,
1065 580 1102 625 e
1147 555 1374 649 quibus
1417 563 1582 637 treS,
1641 578 1796 649 quas
1846 552 2098 628 ultimas
2144 554 2623 636 nominavimus‘,
2678 575 2821 625 οιιι-

557 660 701 754 ιιίιιο
745 660 910 729 inter
955 684 1024 731 se
1074 669 1372 753 cognatos
1420 682 1563 731 esse
1611 661 1793 731 facile
1842 660 2239 751 cognoscitur
2260 668 2352 727 ,ει
2388 654 2645 750 jam-ab
2692 658 2825 732 aliis

559 752 878 859 cognitum
923 778 1038 836 est.
1113 769 1287 835 Inter
1333 786 1550 835 omncs
1597 773 1813 834 autem
1860 766 2141 857 analogia
2188 765 2353 836 valet
2380 765 2825 855 ,qv-ommatium

557 891 723 967 quae
769 866 899 940 sola
946 872 1044 941 bic
1091 882 1305 946 nostra
1351 872 1637 944 interest.
1728 868 1901 959 Alias
1950 870 2199 961 linguas
2238 870 2599 951 Africanas,
2658 892 2827 965 quae

557 998 816 1079 prorsus
847 976 1126 1047 diversae
1158 978 1467 1058 videntur,
1497 975 1577 1047 ab
1609 976 1728 1047 hac
1760 974 2209 1100 disquisitione
2219 976 2618 1053 exclusimus.
2685 975 2825 1045 Sed

557 1075 738 1151 valde
783 1067 1030 1151 videtur
1078 1081 1452 1173 dolendum,
1507 1081 1678 1177 quod
1737 1090 1899 1151 tam·
1914 1104 2123 1175 pauca
2169 1082 2262 1153 in.
2276 1082 2396 1153 illis
2438 1082 2661 1173 linguis
2704 1082 2825 1151 ha·-

557 1184 783 1257 bemus
831 1187 1141 1283 exempla.
1234 1190 1396 1260 Nam
1459 1188 1881 1281 grammatici,
1940 1212 1977 1260 e
2020 1210 2309 1283 quorum
2348 1183 2526 1257 libris
2578 1186 2825 1261 illarum

555 1274 878 1365 scientiam
925 1293 1234 1392 prompsi,
1296 1294 1653 1385 linguarum
1700 1294 2087 1389 disciplinae
2104 1316 2237 1366 non
2294 1296 2379 1365 ita
2435 1316 2595 1366 sane
2644 1302 2829 1363 erant

553 1394 850 1495 studiosi,
898 1400 1143 1492 aliaque
1192 1399 1625 1496 sequebantur
1672 1401 1939 1471 consilia
2013 1400 2291 1479 Maxime
2322 1408 2583 1471 autem
2594 1400 2823 1469 Casuli

557 1505 808 1613 irascar,
855 1506 1297 1598 gramaticae
1345 1506 1803 1576 Seschuauicae
1851 1505 2125 1593 (Etudes
2172 1527 2285 1584 sur
2327 1507 2385 1577 la
2430 1507 2662 1596 langue
2694 1506 2822 1577 Se·-

554 1558 826 1710 cbuana.
872 1611 1048 1681 Paris
1085 1614 1287 1696 1841)
1320 1612 1579 1693 auctori,
1626 1612 1736 1707 qui
1764 1621 1911 1705 post
1939 1612 2318 1706 perbrevem
2348 1609 2818 1701 grammaticum

563 1710 844 1810 carmina
885 1718 1080 1814 epica,
1125 1716 1482 1837 proverbia,
1525 1718 1901 1809 aenigmata,
1950 1718 2335 1791 narrationes
2383 1717 2569 1809 buius
2612 1716 2827 1809 populi

563 1798 887 1921 nobiscum
947 1824 1400 1921 communicet,
1471 1822 1584 1896 sed
1656 1847 1783 1895 ιιοιι
1854 1826 2186 1897 vernaculo
2245 1842 2539 1895 sermone
2596 1821 2710 1893 sed
2762 1821 2829 1894 in

564 1909 940 1997 Francicum
985 1952 1185 1999 versa.
1279 1928 1412 1997 Sed
1459 1928 1631 1999 addit
1678 1930 1815 2003 novi
1859 1930 2237 2002 testamenti
2264 1926 2561 2007 versionis
2608 1946 2827 1995 versus

563 2055 698 2103 sex.
767 2072 842 2083 —
904 2032 1186 2127 ,Bundica
1233 2040 1452 2103 autem
1501 2036 2341 2125 gramadca,‚ssQllacffio
2392 2033 2476 2107 de
2510 2032 2823 2103 observar-

565 2140 708 2221 cdes
753 2140 1228 2227 grammaticaes
1275 2140 1466 2211 sobre
1513 2164 1550 2211 a
1596 2141 2083 2231 linguaBunda
2094 2160 2179 2224 Qu
2199 2140 2600 2230 Angnlense,
2632 2140 2827 2209 eom-v

563 2252 775 2337 postas
833 2268 951 2338 por
1011 2246 1340 2316 Bernardo
1397 2247 1594 2317 Maria
1656 2246 1737 2322 de
1790 2247 2257 2326 Cannecattim
2293 2244 2553 2323 ·Lisboa
2588 2246 2827 2329 1805ιῦ

564 2349 697 2419 sine
743 2350 912 2418 omni
957 2351 1092 2421 sere
1141 2351 1402 2422 utilitate
1450 2361 1566 2433 est,
1613 2351 1759 2445 quia
1805 2359 2039 2423 auctor·
2073 2352 2327 2471 linguae
2370 2350 2825 2443 organismuun

567 2476 639 2523 ac
685 2456 1050 2548 praesertim
1097 2456 1426 2527 nominum
1466 2438 1972 2539 declinationem,
2016 2456 2269 2527 omnino
2314 2477 2441 2527 non
2484 2455 2829 2550 perspexat,

567 2568 634 2629 et
677 2563 844 2631 nulla
895 2562 1064 2633 dedit
1111 2565 1428 2660 exempla
1487 2558 1715 2657 quibus
1766 2564 1879 2657 ipsi
1937 2586 2048 2639 nos
2112 2562 2335 2636 melius
2390 2562 2629 2633 docere
2675 2584 2827 2654 pos-⁴

565 2667 776 2737 simus.

745 2772 915 2842 Sed
891 2796 1021 2865 Jam
1045 2755 1506 2865 aggrediamur
1513 2737 1596 2850 ad
1609 2759 2091 2872 ,adnurahdem
2076 2798 2135 2858 m
2130 2710 2261 2853 liis
2294 2704 2536 2862 linguis,
2550 2711 2825 2843 demon-4

568 2878 970 2950 strativorum
1015 2881 1455 2971 pronominum
1503 2903 1701 2967 usum,
1736 2878 2211 2973 explicandum,
2232 2898 2443 2973 ..quae
2450 2878 2642 2972 quusi
2686 2884 2829 2949 rete

570 3006 790 3054 omnes
821 2984 1274 3054 enunciationis
1307 2994 1522 3077 partes
1570 2986 1665 3059 vel
1712 2986 1995 3069 membm
2043 2984 2831 3077 arctissimeiampleotunr-

567 3099 676 3159 tur
721 3098 911 3183 atque
958 3098 1030 3159 ut
1073 3090 1156 3159 ita
1204 3089 1406 3161 dicam
1454 3090 1939 3185 circumplicant-
2032 3094 2129 3163 Ac
2184 3090 2383 3183 primo
2428 3080 2681 3163 obtutu·
2702 3089 2827 3163 min

565 3216 710 3263 rum
751 3190 1033 3276 videtur,
1090 3218 1286 3289 quum
1345 3220 1544 3288 unum
1603 3220 1860 3269 nomen.
1894 3204 2211 3289 quattuor.
2250 3196 2347 3264 vel
2372 3197 2672 3289 ’quinque
2708 3193 2831 3273 ades

568 3302 987 3371 monstrativis
1055 3302 1522 3393 circumjectum
1590 3289 1995 3371 inveniamus.
2100 3300 2233 3376 Sed
2300 3300 2478 3380 simili
2544 3300 2833 3393 protento

569 3406 965 3499 sensupulsi
1011 3406 1070 3475 id
1120 3409 1492 3499 Congenses
1549 3406 1815 3486 faciunt,
1876 3430 2003 3500 quo
2064 3414 2418 3477 nostrarum
2474 3406 2831 3495 linguarum

565 3511 924 3582 inventores
973 3512 1326 3584 nominibus
1373 3512 1857 3582 demonstrativa
1905 3511 2319 3594 suffixerunm
2378 3519 2449 3581 ut
2504 3511 2661 3579 infra
2710 3531 2829 3602 ap·-

569 3617 888 3711 parebit.

597 3732 631 3751 ·’
751 3722 1002 3820 Initium
1049 3730 1262 3792 autem
1307 3712 1628 3821 sumamus
1676 3748 1712 3794 a
1759 3724 1970 3813 lingua
2004 3723 2309 3823 Uolofica‚
2354 3722 2584 3816 inqua
2631 3720 2839 3791 ratio-

571 3822 686 3899 nes
731 3828 1220 3945 grammaticae
1202 3820 1384 3925 sunt
1413 3808 1919 3922 simplicissimae.
2011 3816 2159 3899 Non
2196 3828 2307 3909 ita
2342 3826 2551 3905 multis
2586 3826 2833 3915 gaudet

571 3918 932 4011 verborum
954 3934 1187 4016 formis,
1234 3942 1300 4025 et
1343 3910 1841 4007 demonstrativis
1888 3936 2074 4005 etiam
2121 3932 2200 4001 ad
2246 3931 2591 4023 categorias
2622 3928 2831 4000 dene-

569 4038 791 4110 tandas
839 4062 1044 4135 neque
1105 4038 1316 4110 unicas
1371 4062 1490 4111 nec
1537 4040 1823 4133 proprias
1880 4040 2094 4108 utitur.
2188 4036 2316 4107 Sed
2375 4036 2655 4106 retinent
2710 4035 2831 4105 de-

569 4146 973 4217 monstrativa
1041 4168 1440 4217 communem
1511 4167 1690 4214 suam
1758 4141 2227 4213 demonstrandi
2296 4142 2845 4262 significationem..

539 4248 736 4320 .Sunt
782 4248 994 4321 'autem
1039 4251 1158 4321 hae
1203 4260 1335 4321 tres
1385 4250 1633 4321 vocales
1680 4234 2073 4349 principales
2096 4271 2157 4333 a,
2188 4271 2256 4333 ᾳ,
2290 4248 2333 4326 i
2410 4236 2530 4333 Ac.
2546 4247 2751 4334 vocali
2788 4269 2833 4317 a

574 4356 700 4440 (vel
747 4362 808 4443 e)
853 4356 1193 4450 longinqua
1241 4355 1697 4439 demonstrant,
1746 4353 1945 4427 vocali
1990 4355 2016 4423 i
2062 4347 2444 4446 praesentia,-
2500 4354 2689 4445 plane
2722 4350 2847 4424 Μ-
