3225 5259
1503 349 1588 416 45
1645 398 1655 408 ψ.

417 542 782 612 Schwartzii
829 543 1138 612 accusatio
1177 543 1345 634 justa
1393 551 1592 622 esset,
1640 541 1822 635 Copti
1872 552 1937 612 et
1984 543 2224 612 Semiti.
2304 587 2391 596 ——
2468 549 2669 616 Prae-

418 659 607 718 terea·
643 673 834 743 quum
881 647 940 716 id
988 649 1274 741 prol'ecto
1321 671 1536 716 verum
1583 649 1696 732 sit,
1745 650 2007 742 CoptoS,
2072 649 2177 744 qui
2226 675 2443 720 omnes
2490 675 2669 721 casus

413 757 474 826 -Ν
515 755 907 832 denotarent,
953 754 1284 823 denotasse
1333 755 1604 824 nullum:
1654 779 1769 824 nos
1799 779 2074 849 quoque,
2104 780 2297 849 quum
2330 759 2670 827 sententias

417 862 759 954 Aegyptias
807 859 884 929 ad
930 859 1121 928 verba
1170 869 1480 930 vertamus
1527 863 1584 930 in
1636 871 1879 930 nostros
1925 885 2267 944 sermones,
2316 885 2495 932 casus
2527 865 2701 932 om-*

420 969 566 1036 nino
615 968 848 1036 evitare
898 966 1221 1045 debemus,
1268 991 1342 1036 ac
1387 991 1468 1038 ne
1515 969 1809 1061 supplere
1841 968 2096 1061 quidem
2128 993 2283 1062 quos
2318 971 2504 1063 Copti
2540 993 2667 1038 uon

419 1073 893 1166 suppleverint..
943 1072 1130 1155 Quod
1179 1075 1570 1154 Schwartzio
1617 1098 1739 1143 non
1789 1075 2161 1144 successisse
2207 1076 2353 1144 mihi
2400 1074 2669 1154 videtur,

419 1203 612 1274 quum
669 1201 920 1271 semper
977 1179 1464 1250 demonstrativa
1523 1182 1841 1274 suppleat,
1900 1203 2061 1274 quae
2122 1181 2182 1249 in
2242 1180 2449 1275 aliquo
2520 1203 2667 1250 casu

421 1287 618 1379 posita
665 1287 816 1363 sint,
859 1286 1228 1380 plerumque
1273 1287 1334 1355 in
1384 1286 1757 1355 nominativo
1805 1297 1869 1356 et
1916 1287 2289 1368 accusativo,
2338 1286 2449 1354 sed
2484 1287 2669 1356 etiam

425 1393 484 1459 in
547 1391 857 1483 genitivo,
917 1403 988 1460 ut
1056 1418 1117 1487 p.
1170 1395 1342 1462 1398
1399 1397 1815 1466 AKERP613‘S
1852 1395 2043 1466 MP‘TI
2114 1391 2329 1486 (apud
2406 1394 2559 1462 alios
2624 1398 2673 1468 Ε

419 1504 588 1585 ΡἭ)
637 1499 868 1568 oblitus
915 1523 978 1567 es
1023 1501 1150 1580 dei,
1207 1497 1373 1593 quod
1423 1499 1632 1566 Schw.
1680 1498 1755 1566 ad
1804 1497 1993 1567 verba
2042 1499 2195 1568 verti
2245 1500 2415 1568 vult:
2477 1500 2673 1570 fecisti

423 1604 797 1674 oblivionem
843 1605 1040 1695 (ejus)
1103 1605 1268 1699 quod
1329 1604 1481 1673 deus
1539 1604 1661 1690 (vel
1710 1604 1875 1697 quod
1926 1603 2075 1690 dei).
2168 1603 2298 1672 Sed
2356 1607 2674 1698 quomodo

423 1710 563 1800 ejus
609 1711 898 1803 supplere
943 1734 1296 1804 possumuS,
1343 1735 1535 1804 quum
1583 1711 1769 1803 Copti
1816 1711 2160 1799 genitivum
2206 1711 2676 1800 ignoraverint?

425 1817 553 1884 Cur
582 1826 910 1908 praetcrea
943 1817 1002 1884 in
1037 1817 1264 1886 talibus
1297 1816 1643 1896 sententiis,
1676 1825 1747 1884 ut
1776 1831 1856 1888 NI
1879 1825 2113 1889 ΚΟῩΖἾ
2134 1819 2191 1888 Ν
2214 1823 2477 1890 ΑΒόΟΥΙ
2504 1821 2676 1912 parvi

423 1923 635 2015 pueri,
707 1926 806 1992 die
859 1923 1134 2004 kleinen,
1201 1924 1425 1991 welche
1480 1923 1754 1990 Knabcn
1809 1939 1884 1995 TI
1916 1932 2081 1996 H‘AE
2116 1925 2174 1994 N
2208 1939 2375 1996 ΤΕΒΙ
2422 1925 2676 1995 ultimus

425 2029 646 2098 obolus
693 2033 806 2098 der
853 2031 1028 2097 lctzte
1070 2029 1329 2097 welcher-
1385 2029 1585 2098 Obole
1632 2039 1777 2096 ante
1824 2033 2085 2100 ALUOYI
2124 2040 2189 2098 et
2229 2045 2396 2103 ΤΕΒΙ
2441 2032 2675 2100 articu-

423 2134 514 2203 los
561 2133 914 2204 indefinitos
961 2136 1284 2204 omiserint
1328 2141 1516 2221 (HAN
1553 2146 1619 2205 et
1651 2142 1792 2221 OY),
1842 2159 2033 2227 quum
2082 2137 2231 2204 alias
2267 2141 2355 2228 (p.
2387 2140 2585 2224 1407)
2621 2144 2677 2211 Ν

426 2261 568 2308 cum
613 2257 706 2312 ΟΥ
754 2253 819 2310 et
862 2257 1022 2314 HAN
1070 2242 1434 2334 saepissime
1481 2240 1788 2309 inutiliter
1836 2241 2023 2309 etiam
2070 2242 2455 2332 conjungere
2502 2245 2675 2314 sole-

427 2357 604 2426 rent,
663 2348 764 2414 hic
819 2357 1032 2418 autem
1089 2347 1397 2439 pluralem
1455 2369 1487 2414 a
1547 2347 1841 2436 singulari
1902 2345 2289 2436 distinguere
2348 2348 2675 2430 deberent,

429 2451 716 2546 equidem
766 2477 888 2521 non
936 2452 1137 2521 video,
1215 2452 1489 2521 Maxime
1535 2463 1749 2522 autem
1796 2463 1867 2520 ut
1898 2453 2280 2521 Schwartzio
2328 2454 2678 2526 diffidamus

429 2557 490 2626 id
539 2558 783 2639 suadet,
831 2558 1000 2652 quod
1049 2559 1146 2627 hic
1191 2557 1282 2625 vir
1331 2558 1602 2648 linguam
1652 2560 1967 2652 Copticam
2025 2559 2194 2628 nulla
2253 2560 2415 2630 illius
2461 2564 2678 2635 hiero-

428 2665 668 2758 glypbis
724 2663 990 2734 traditae
1050 2665 1300 2754 linguae
1357 2665 1564 2734 habita
1627 2666 1867 2733 ratione
1927 2665 2239 2757 explicare
2286 2666 2397 2736 sibi
2444 2692 2679 2762 propo-

427 2773 568 2841 suit.
660 2774 822 2841 Nam
870 2771 1066 2860 fingit,
1115 2771 1274 2840 hanc
1321 2763 1526 2840 a'dhuc
1574 2794 1714 2840 esse
1765 2772 2038 2862 ignotam
2088 2795 2159 2840 ac
2205 2774 2481 2866 quaerit,
2529 2799 2677 2844 num

430 2880 682 2970 Coptica
731 2879 941 2966 lingua
989 2875 1065 2944 ad
1113 2876 1554 2969 hieroglyphos
1599 2877 2102 2970 interpretandos
2151 2889 2293 2972 apta
2340 2881 2437 2949 sit.
2490 2881 2680 2963 Quod

429 2985 705 3076 quamvis
750 2981 1034 3050 videatur
1082 2981 1483 3062 laudandum,
1530 2993 1744 3052 tamen
1793 2985 2174 3076 posteriores
2221 2985 2521 3056 dialectos
2552 3013 2677 3057 non

431 3089 546 3158 nisi
594 3087 1042 3182 antiquioribus
1091 3089 1460 3182 comparatis
1507 3113 1655 3159 vere
1704 3091 1964 3183 perspici
2022 3115 2239 3184 posse,
2296 3117 2461 3162 nunc
2508 3105 2681 3165 certe

429 3195 682 3262 omnino
731 3203 994 3264 constat.
2096 3271 2103 3276 ,

611 3301 677 3368 Si
727 3300 916 3390 igitur
963 3325 994 3368 a
1045 3301 1428 3374 Schwartzio
1477 3301 1809 3372 dissentire
1856 3303 2001 3372 mihi
2050 3305 2268 3387 liceat,
2327 3308 2509 3376 aliam
2556 3309 2681 3376 hu-

423 3408 526 3498 jus
571 3411 628 3479 Ν
671 3407 1152 3499 explicationem
1197 3408 1471 3500 paullulo
1533 3408 1837 3478 diversam
1902 3435 2265 3504 proponam.
2358 3415 2572 3505 Atque
2618 3415 2679 3480 in

439 3537 518 3582 eo
565 3512 817 3607 quidem
861 3514 1131 3582 maxima
1180 3525 1276 3582 est
1321 3514 1669 3595 difficultas,
1716 3540 1908 3610 quum
1956 3517 2013 3584 in
2042 3519 2491 3611 Aegyptiorum
2541 3521 2683 3588 ani-

429 3643 568 3689 mos
629 3620 942 3689 insinuare
989 3621 1280 3701 velimuS‚
1347 3630 1418 3688 ut
1470 3624 1720 3714 penitus
1778 3647 1885 3692 eos
1942 3625 2301 3716 perspicere
2360 3627 2683 3716 possimuS,

430 3725 598 3819 quod
649 3735 1003 3794 nostrorum
1052 3749 1352 3816 casuum,
1402 3728 1534 3797 sine
1581 3729 1808 3822 qujbus
1853 3730 1955 3798 vix
2002 3731 2285 3820 cogitare
2333 3754 2514 3824 posse
2564 3755 2683 3800 no-

406 3831 526 3900 ·bis
573 3831 878 3907 videmur,
925 3832 1110 3924 plane
1159 3832 1597 3904 obliviscamur
1644 3857 1905 3904 necesse
1955 3846 2069 3904 est.
2148 3838 2371 3931 Itaque
2416 3842 2473 3909 Ν
2522 3849 2587 3908 et
2637 3843 2684 3912 E

430 3961 640 4006 merae
691 3939 1026 4006 relationis
1081 3939 1258 4029 signa
1319 3963 1663 4029 agnoscere
1723 3941 2044 4011 debemus.
2136 3945 2297 4012 Nam
2360 3945 2542 4039 Copti
2602 3931 2684 4014 ne

435 4065 572 4111 eam
620 4043 896 4138 quidem,
943 4067 1130 4136 quam
1164 4047 1464 4116 Sinenses
1498 4047 1733 4116 faciunt
1780 4047 1945 4116 inter
1976 4049 2429 4118 inhaerentiam
2468 4061 2532 4119 et
2562 4049 2683 4118 de-

434 4148 832 4240 pendentiam
883 4142 1372 4232 distinctionem,
1434 4177 1558 4239 qua
1616 4153 1678 4223 hi
1740 4175 2027 4242 magnam
2077 4165 2496 4248 assequuntur
2542 4180 2684 4225 ser-

431 4254 630 4322 monis
678 4254 1082 4325 subtilitatem
1131 4281 1204 4328 ae
1249 4261 1753 4353 perspicuitatem
1801 4270 1867 4330 et
1912 4261 2139 4329 multas
2186 4272 2540 4337 nostrarum
2574 4287 2682 4332 ca-

433 4359 822 4450 tegoriarum
853 4373 998 4455 apte
1031 4375 1455 4458 compensant,
1487 4389 1606 4435 nec
1630 4389 1781 4436 voce
1814 4369 2215 4460 expressisse,
2248 4392 2454 4462 neque
2480 4371 2685 4439 animo

434 4465 724 4566 videntur
769 4468 1052 4538 sensisse.
1121 4473 1179 4540 Ν
1227 4480 1292 4542 et
1335 4473 1383 4546 122
1415 4469 1606 4563 igitur
1640 4473 1902 4544 duarum
1936 4476 2255 4545 notionum
2286 4463 2685 4569 conjunctio-
