3225 5259
1509 342 1586 406 11

419 536 924 628 relationemque·
965 533 1304 604 enunciet?
1347 532 1448 603 Ac
1475 534 1765 627 profecto
1796 534 2049 611 vocem(
2081 554 2203 625 qna
2235 554 2341 601 res
2370 531 2667 623 designa-

315 690 326 710 ,
417 650 544 720 tur,
591 640 916 711 formalem
961 639 1276 732 appellare
1322 662 1448 707 non
1495 634 1843 731 possumus.

595 748 816 840 Itaque
859 744 1022 815 tales
1055 766 1262 825 voces,
1307 754 1382 813 ut
1409 746 1524 815 der
1555 746 1817 823 oberat,-
1848 748 1979 824 der,
2012 745 2135 823 die,
2167 746 2287 815 das
2316 746 2501 835 obiqc
2526 768 2669 815 esse

419 853 712 923 semeles
757 872 1075 945 nunquam
1121 849 1320 919 audivi
1365 872 1486 920 nec
1531 852 1673 942 legi.
1733 851 1879 934 Qua
1924 849 2113 940 igitur
2156 849 2397 919 ratione
2442 850 2671 920 adven*-

418 958 520 1029 hia
549 962 732 1039 oben,
775 972 970 1027 untcn
997 955 1198 1045 magis
1245 956 1522 1026 fornialia
1569 956 1777 1028 dicere
1820 978 2173 1049 possumus,
2220 977 2413 1050 quum
2444 978 2670 1049 quam-

420 1063 508 1133 vis
529 1064 836 1135 relatione
859 1060 1146 1156 quadam,
1193 1071 1266 1131 ut
1285 1062 1428 1132 illae
1449 1084 1637 1131 voces
1666 1062 1925 1155 alicujus
1954 1060 2361 1143 substantiae,
2406 1062 2489 1132 ita
2512 1062 2671 1133 haec

419 1170 672 1261 alicujus
719 1168 974 1239 aetionis
1030 1168 1124 1237 vel
1188 1177 1386 1238 status
1439 1168 1715 1240 indicent
1758 1168 2167 1263 qualitatem?
2235 1168 2463 1237 Nonne
2519 1190 2670 1239 vero

407 1276 614 1367 jener,
647 1280 815 1357 dart,
847 1276 1066 1356 dieser,
1103 1275 1240 1343 hier
1271 1273 1535 1345 eandem
1567 1274 1917 1364 significant
1942 1296 2099 1354 rem,
2146 1296 2335 1368 quam
2364 1273 2511 1343 illa?
2556 1276 2670 1343 In-

419 1382 648 1451 certiu's
691 1381 948 1475 quidem
992 1392 1059 1451 et
1103 1380 1511 1461 extrinsecus,
1557 1390 1831 1451 attamen
1878 1402 2016 1449 rem
2060 1379 2411 1469 designant.
2504 1380 2670 1451 Om-

419 1488 774 1583 nisquisque
822 1496 920 1557 est
961 1510 1104 1578 ⁶9⁰3
1149 1484 1262 1557 sed
1308 1496 1520 1557 tamen
1567 1510 1679 1578 eye
1724 1486 1993 1581 aliquam
2037 1508 2370 1579 personam
2400 1485 2671 1580 loquen-

418 1604 550 1663 tem
595 1592 912 1683 significat
1005 1596 1218 1686 Atque
1264 1615 1416 1662 vero
1465 1593 1525 1661 in
1584 1594 1703 1663 hac
1757 1592 2213 1665 re,-disoeim0n
2261 1592 2529 1685 positum
2576 1603 2673 1662 eat

419 1698 570 1771 illud
613 1698 776 1769 inter
824 1697 1190 1792 pronomina
1237 1708 1303 1767 et
1346 1698 1522 1790 signa
1570 1699 1911 1793 personalia
1956 1698 2374 1778 intercedens,
2421 1697 2590 1791 quod
2636 1723 2672 1767 a

421 1804 559 1876 viris
605 1807 792 1877 etiam
839 1806 918 1875 de
977 1804 1328 1894 lingua-rum
1387 1802 1702 1897 diseiplina
1758 1804 1993 1897 optime
2049 1803 2285 1873 meritis
2344 1827 2473 1873 non
2526 1803 2673 1873 satis

419 1920 818 2004 perspectam]
863 1909 1124 1981 videtur.
1203 1908 1396 1993 Quod
1443 1910 1614 1980 brevi
1660 1910 1742 1981 ita
1788 1908 2103 1992 definiam,
2148 1920 2221 1980 ut
2266 1908 2469 1980 dicam
2512 1934 2671 2003 pro-

420 2016 668 2089 nomina
718 2016 1066 2111 personalia
1113 2038 1252 2089 esse
1297 2014 1580 2109 subjecta
1640 2026 1708 2085 et
1762 2028 1947 2086 voces
2006 2038 2161 2110 quas
2206 2014 2423 2087 dicunt
2464 2026 2672 2088 mate-

417 2124 634 2203 rialesz
693 2122 808 2194 sed
855 2122 1220 2216 personales
1266 2122 1605 2193 verborum
1666 2122 1870 2191 exitus
1928 2122 2109 2193 velim
2175 2124 2487 2193 elementa
2528 2144 2673 2193 esse

313 2321 318 2329 .
421 2229 702 2303 formalia
749 2228 1338 2323 categoriarumque
1377 2230 1584 2320 signa:
1642 2228 1867 2323 quibus
1920 2228 2177 2299 minime
2222 2228 2503 2319 subjecta
2550 2249 2672 2297 ex-

420 2334 630 2427 primi,
685 2334 799 2407 sed
860 2335 1118 2407 actionis
1178 2336 1256 2405 ad
1313 2357 1614 2428 personas
1673 2333 2003 2409 rationem.
2074 2336 2315 2419 Quam
2373 2334 2457 2406 ol)
2512 2357 2671 2417 rem,

419 2440 589 2534 quod
635 2441 897 2521 Pottius‚
944 2442 1032 2511 vir
1077 2440 1258 2511 valde
1303 2441 1450 2511 mihi
1493 2452 1568 2512 ut
1611 2439 1901 2509 omnibus
1947 2440 2269 2521 colendus,
2314 2450 2511 2535 putat,
2558 2463 2672 2509 vo·-

417 2568 562 2619 cem
617 2558 804 2626 „nos“
855 2547 1022 2619 idem
1067 2548 1276 2619 valere
1319 2544 1494 2641 quod
1539 2547 1775 2617 exitum
1832 2558 2042 2626 „mus“
2092 2544 2268 2619 verbi
2309 2568 2563 2625 vsumm,
2610 2556 2677 2615 et

423 2675 640 2723 vocem
684 2653 804 2723 im
859 2652 1026 2727 idern
1087 2676 1226 2724 esse
1291 2663 1480 2747 atque
1527 2654 1767 2723 seiri—er
1826 2655 1953 2739 (ΙΙ,
1995 2654 2167 2739 654)
2224 2651 2493 2746 probare
2550 2674 2671 2721 non

423 2782 697 2854 pessum.
775 2758 904 2831 Sed
951 2783 1019 2831 er
1064 2770 1162 2831 est
1207 2757 1557 2851 subjectum
1606 2768 1673 2829 et
1716 2782 1837 2828 vox
1878 2760 2245 2841 materialis,
2290 2780 2415 2852 qna
2460 2756 2673 2852 aliq-uis

421 2867 612 2941 homo
658 2866 1031 2950 denotetur3
1076 2866 1254 2936 litera
1299 2876 1328 2935 t
1371 2889 1522 2937 vero
1569 2878 1671 2937 est
1698 2866 1943 2957 signum
1976 2867 2255 2948 formale,
2300 2886 2425 2959 quo
2453 2884 2673 2955 gram—

423 2972 646 3043 matica
697 2974 816 3043 3ae
855 2992 1166 3064 personae
1213 2972 1528 3061 categoria
1573 2973 1969 3064 designetur,
2030 2976 2126 3057 vel
2184 2972 2383 3064 logica
2428 2972 2676 3042 essendi

423 3075 502 3151 ad
555 3077 824 3171 aliquem
867 3075 1102 3147 relatio.
1183 3078 1540 3149 Decor-tatis
1585 3079 1839 3174 quidem
1882 3077 2055 3149 verbi
2114 3076 2379 3149 exitibus
2435 3099 2674 3170 prono·-

423 3183 591 3252 mina
663 3192 732 3253 ut
809 3183 984 3274 signa
1066 3184 1411 3276 personalia
1494 3184 1775 3256 adhiberi
1797 3238 1818 3266 ‚
1897 3195 1967 3254 ut
2046 3182 2210 3277 apud
2287 3184 2677 3257 recentiores

425 3288 725 3382 populos,
785 3314 911 3361 nen
959 3311 1157 3380 negoz
1223 3290 1334 3361 sed
1383 3315 1633 3361 carr-o
1690 3290 1865 3373 aliud,
1916 3300 2016 3361 est
2058 3311 2245 3383 quam
2302 3311 2412 3380 eqo
2461 3314 2674 3361 curro.

425 3388 1042 3490 (memque‘contra.
1073 3396 1426 3469 B'eckerum
1471 3398 1659 3469 etiam
1689 3424 1749 3493 p.
1782 3400 1935 3479 200,
1982 3396 2217 3469 dictum
2245 3395 2480 3482 velim.)
2528 3398 2675 3481 Qu

424 3503 488 3577 in
533 3526 606 3575 re
649 3502 713 3573 id
759 3504 950 3575 etiam
997 3503 1314 3585 cernitur,
1373 3528 1500 3599 quo
1543 3504 1827 3596 linguae,
1882 3524 2049 3599 quae
2104 3526 2253 3573 vere
2297 3501 2551 3573 flectant
2594 3504 2675 3575 ab

427 3608 558 3681 aliis
617 3608 997 3683 dissentiant
1091 3612 1234 3683 Hae
1306 3610 1476 3681 enim
1543 3611 1913 3704 pronomina
1980 3631 2123 3679 cum
2192 3606 2506 3677 radicibus
2577 3610 2675 3683 vel

423 3715 770 3809 participiis·
801 3724 1204 3808 componunt,
1249 3717 1394 3787 illae
1440 3716 1647 3787 verbis
1694 3716 2155 3808 categoriarum
2184 3716 2361 3805 signa
2386 3712 2673 3787 induunt.

427 3822 642 3915 Atque
700 3820 942 3895 etiamsi
1000 3832 1281 3895 externa·
1313 3821 1619 3895 flectionis
1679 3824 1917 3917 species
1974 3821 2401 3915 compositioni
2462 3820 2547 3893 sit.
2596 3823 2675 3893 si·

427 3926 604 4011 milis,
649 3938 859 3999 tamen
906 3927 1152 4001 interna
1195 3929 1331 4021 ejus
1377 3929 1466 3999 vis
1509 3952 1584 3999 ac
1631 3939 1851 4001 natura
1896 3927 2072 4000 valde
2132 3926 2212 3998 ab
2265 3928 2385 3999 hac
2430 3927 2675 4003 dissen-

430 4032 522 4103 u't.
615 4033 688 4107 ld
734 4056 884 4107 vero
941 4044 1038 4105 est
1092 4034 1304 4107 vitium
1362 4034 1711 4127 linguarum
1769 4035 2023 4107 istarum
2042 4086 2058 4115 ,
2114 4058 2279 4129 quae
2335 4033 2675 4130 flexionem

427 4160 556 4209 non
603 4141 957 4233 attigerint,
1015 4139 1186 4235 quod
1245 4142 1514 4215 sormam
1571 4154 1641 4213 et
1698 4141 2023 4214 materiem
2079 4164 2201 4211 non
2250 4140 2405 4217 sate
2450 4139 2676 4211 distin-

431 4252 654 4335 guunt.
745 4248 818 4316 In
875 4247 1071 4321 forma
1129 4255 1342 4321 autem
1411 4257 1479 4319 et
1543 4248 1804 4321 materia
1862 4249 2166 4318 acerrime
2222 4248 2389 4317 inter
2444 4268 2513 4317 se
2572 4245 2677 4317 di·-

431 4350 652 4423 stincta
711 4351 1152 4448 aptissimeque
1211 4355 1551 4447 composita
1609 4356 1742 4432 sola
1759 4406 1773 4433 ‚
1818 4353 2161 4449 synthetica
2221 4375 2407 4448 quam
2463 4354 2675 4423 Hum-

429 4458 736 4531 boldtium
779 4468 1116 4551 sequentes
1161 4460 1548 4537 nominamus
1595 4460 1844 4553 linguae
1890 4460 1981 4535 via
2025 4461 2191 4534 valet
2233 4460 2549 4555 vigetque.
