3225 5259
1692 341 1747 384 Ν

607 542 639 585 s
761 589 767 596 ,
1021 523 1118 585 est
1165 522 1450 584 nostrum
1498 513 1626 594 sch,
1675 513 1753 582 lt.
1801 537 1917 582 sce.

587 637 646 732 ‘s
769 723 780 733 ·
1031 639 1256 707 Franc.
1291 638 1354 729 j,
1401 638 1601 708 Lusit.
1648 661 1743 728 qe,
1791 639 1973 730 Copt.
2002 633 2218 728 '‘fima.

589 786 650 832 ω
1033 771 1322 831 nostrum
1367 784 1448 842 w,
1495 762 1558 829 in
1606 761 1739 830 Sin.
1788 759 2043 831 vocibus
2089 771 2158 829 ut
2204 762 2453 851 Anglic.
2498 786 2587 844 w,
2648 764 2732 832 ita
2790 774 2859 833 ut

1017 868 1216 959 magis
1263 868 1344 938 sit
1386 890 1452 936 u.

589 1017 642 1062 ω
1023 1001 1309 1062 nostrum
1351 1015 1424 1071 x,
1471 992 1698 1060 Graec.
1746 995 1823 1067 ξ..

591 1141 631 1186 z
1012 1117 1104 1206 ds.
1189 1190 1194 1196 ,

588 1238 646 1310 ‘z
1012 1234 1132 1332 ds‘,
1183 1238 1317 1306 Ital.
1367 1262 1460 1328 qe,
1508 1239 1692 1331 Copt.
1733 1235 1994 1308 ‘zanz‘cn

1009 1366 1220 1434 leuem
1298 1361 1602 1453 significat
1678 1362 2125 1454 aspirationem
2195 1371 2337 1455 post
2404 1372 2858 1433 consonantem

1018 1467 1314 1538 auditam.
1363 1469 1435 1536 1n
1468 1469 1601 1538 Sin.
1633 1469 1890 1539 vocibus
1921 1490 2113 1561 super
2144 1491 2188 1536 a
2218 1478 2285 1538 et
2314 1493 2352 1536 o
2376 1501 2462 1528 =
2486 1492 2689 1562 paene
2706 1494 2812 1561 ny.

594 1592 648 1668 -ἶ
1012 1615 1296 1685 asperam
1351 1592 1545 1664 habet
1601 1593 2045 1688 aspirationem
2072 1641 2091 1676 ,
2162 1614 2325 1686 quae
2401 1597 2856 1664 consonantem

1021 1699 1223 1791 ipsam
1271 1710 1490 1769 mutat.

597 1820 646 1876 -’
1011 1823 1072 1890 in
1121 1823 1378 1892 Siavicis
1433 1822 1689 1893 vocibus
1748 1822 2055 1913 significat
2126 1831 2543 1892 consonantes
2614 1823 2857 1904 molles,

1021 1938 1168 2020 post
1212 1950 1366 2021 quas
1401 1926 1442 2018 j
1489 1927 1635 1998 lene
1682 1927 1956 1998 auditur.

773 2070 978 2140 Sinica
1023 2091 1148 2138 vox
1197 2069 1299 2138 orl
1341 2080 1536 2138 sonus
1583 2067 1948 2139 indifferens
1994 2068 2264 2152 videtur,
2310 2069 2416 2163 qui
2464 2071 2628 2140 Slav.
2670 2093 2711 2138 r
2738 2079 2807 2139 et
2838 2071 2877 2140 b

598 2175 786 2247 surda
835 2174 1117 2245 continet
1162 2184 1229 2244 et
1272 2175 1404 2244 sine
1451 2175 1703 2268 propria
1750 2174 1941 2246 vocali
1987 2175 2291 2257 effertur,
2352 2198 2553 2269 quare
2598 2175 2861 2269 potissi-

511 2299 519 2308 ’
599 2305 774 2352 mum
837 2281 904 2350 rl
979 2281 1228 2372 punctis
1305 2279 1671 2374 subscriptis
1750 2281 2197 2373 scripserimus.
2314 2281 2605 2374 Copticas
2672 2303 2861 2351 voces
2980 2341 2990 2354 .

598 2389 840 2482 magnis
887 2387 1084 2457 literis
1133 2384 1358 2455 excudi
1397 2386 1732 2477 jussimus,
1791 2388 1936 2480 quia
2001 2410 2139 2466 eoS,
2200 2386 2306 2480 qui
2362 2388 2523 2457 hanc
2579 2388 2859 2479 linguam
2976 2425 2983 2430 -

599 2495 910 2574 noverint,
956 2515 1097 2568 enm
1143 2492 1382 2583 magnis
1429 2491 1619 2562 literis
1664 2493 1957 2585 scriptam
2003 2490 2217 2562 videre
2250 2516 2591 2574 consuesse
2624 2493 2852 2587 opina·-

600 2600 843 2671 bamur.
937 2599 1008 2667 In
1057 2597 1307 2668 vocibus
1353 2597 1816 2692 hieroglyphice
1863 2597 2105 2689 scriptis
2165 2599 2413 2670 vocales
2474 2624 2598 2669 non
2660 2600 2864 2695 scrip-⁷

600 2717 698 2775 tas
742 2729 932 2799 parvo
978 2719 1002 2746 0
1045 2703 1490 2774 denotavimus.
