3225 5259
1693 323 1734 388 6

583 513 848 586 divisum
895 524 1010 586 est.
1103 517 1326 609 ltaque
1373 515 1785 609 perquiritur,
1846 533 1971 609 quo
2032 514 2338 584 direxerit
2394 537 2652 586 cursum
2696 515 2835 586 ani·-

581 643 720 690 mus
767 621 1078 692 humanus
1125 621 1290 714 apud
1337 622 1611 712 singulos
1658 620 1917 715 populos
1972 615 2035 690 in
2100 620 2388 690 omnibus
2446 621 2577 691 suis
2621 621 2835 714 operi-

583 727 718 796 bus.
813 729 884 798 ln
933 750 1062 824 quo
1109 726 1474 798 admirabile
1531 736 1660 806 est,
1716 734 2017 820 quantum
2074 727 2238 796 inter
2294 747 2515 796 omnes
2574 727 2839 820 populos

583 832 709 902 duo
759 835 1090 904 excellant.
1159 837 1323 905 Nam
1367 833 1588 925 negari
1635 856 1759 902 non
1809 841 2034 925 potest,
2080 832 2141 902 in
2191 832 2309 902 vita
2356 832 2624 902 duorum
2672 833 2837 904 clas-

584 939 876 1022 sicorum,
927 950 998 1009 ut
1029 941 1264 1021 dicunt,
1311 941 1687 1034 populorum
1718 938 1909 1008 fuisse
1940 937 2173 1028 aliquid
2209 938 2501 1008 eximium
2532 961 2605 1008 ac
2634 961 2838 1032 paene

582 1045 954 1137 perfectum,
1005 1068 1082 1116 ex
1131 1069 1262 1139 quo
1307 1045 1592 1116 absoluta
1638 1045 1795 1114 ratio
1840 1064 1913 1113 ac
1944 1065 2093 1112 vera
2126 1043 2476 1114 humanitas
2506 1045 2838 1137 pelluceat,

583 1151 848 1246 illosque
898 1151 1292 1242 dignissimos
1339 1175 1510 1230 esse,
1569 1153 1675 1246 qui
1733 1175 1768 1220 a
1812 1149 2025 1220 multis
2082 1151 2228 1219 viris
2286 1149 2555 1241 ingentis
2599 1149 2837 1240 ingenii

583 1259 854 1328 maxima
902 1280 1046 1326 cum
1093 1256 1414 1348 diligentia
1463 1257 1941 1329 considerentur
1985 1278 2059 1324 ac
2086 1258 2609 1348 pervestigentur.
2678 1259 2841 1326 Sunt

585 1363 670 1436 illi
717 1373 930 1434 nostra
975 1374 1188 1434 mente
1235 1365 1296 1434 in
1343 1365 1528 1434 vitam
1573 1359 1967 1442 restituendi,
2012 1360 2123 1455 qui
2168 1372 2463 1455 tanquam
2508 1361 2840 1454 gratissimi

587 1479 868 1542 nostrum
917 1470 1241 1560 exagitent
1286 1471 1562 1540 animum
1609 1481 1799 1562 atque
1846 1465 2153 1558 adjuvent.
2246 1472 2544 1540 Attamen
2592 1469 2700 1564 qui
2756 1467 2842 1539 illi

587 1574 936 1672 antiquitati
985 1574 1244 1658 student
1299 1576 1490 1646 totius
1549 1575 1925 1667 philologiae
1986 1597 2249 1643 munere
2306 1576 2655 1666 funguntur
2714 1574 2841 1647 mi-

585 1679 786 1758 nime;
855 1680 1004 1774 quin
1073 1682 1264 1753 etiam
1335 1705 1528 1775 quum
1597 1691 1805 1774 partes
1864 1703 1900 1748 a
1957 1688 2093 1750 toto
2122 1731 2141 1760 ,
2212 1680 2387 1771 cujus
2444 1681 2571 1752 sint
2616 1690 2843 1773 partes,

587 1785 910 1856 absolutae
956 1788 1202 1880 penitus
1248 1786 1512 1881 perspici
1558 1810 1681 1856 non
1728 1786 1982 1878 possint,
2028 1785 2132 1855 illa
2178 1787 2433 1858 classica
2478 1787 2843 1880 philologia.

587 1893 638 1960 si
687 1893 812 1961 suis
857 1891 1088 1966 finibus
1134 1894 1378 1983 exiguis
1425 1894 1803 1971 continetur,
1852 1891 1964 1984 ipsi
2000 1890 2112 1962 sibi
2144 1916 2294 1964 vere
2324 1893 2687 1971 satisfacere
2716 1913 2841 1962 non

588 2008 816 2092 potest.
869 1999 1088 2082 Quare
1133 2021 1351 2068 omnes
1383 1997 1542 2066 viros
1574 2019 1723 2067 vere
1769 1997 2119 2090 philologos
2162 2021 2397 2088 magno
2444 1996 2634 2068 afficit
2679 2020 2844 2087 gau-

577 2102 718 2182 ·dio,
778 2103 946 2197 quod
1005 2105 1229 2174 nostris
1289 2102 1546 2174 tandem
1592 2103 1981 2196 temporibus
2039 2102 2255 2195 populi
2313 2104 2624 2186 Semitici‚
2684 2102 2845 2184 Indi,

589 2209 825 2291 Tatari,
872 2211 1203 2290 Sinenses,
1249 2221 1474 2302 gentes
1519 2211 1699 2290 illae,
1744 2233 1909 2303 quae
1954 2210 2283 2299 regionem
2326 2209 2389 2278 in
2437 2209 2845 2302 septemtrio-

591 2337 704 2386 nes
752 2323 1144 2407 spectantem
1188 2316 1499 2395 incolunt,
1549 2319 1983 2386 Romanenses
2030 2314 2335 2409 denique,
2392 2317 2558 2387 Slavi
2608 2340 2681 2388 ac
2726 2339 2845 2408 po-

588 2422 892 2496 tissimum
950 2421 1252 2496 Germani
1319 2422 1784 2515 philologorum
1840 2419 2192 2514 provinciae
2261 2421 2691 2514 subjiciuntur.
2786 2423 2843 2492 Α

591 2527 848 2619 singulis
905 2525 1162 2623 quidem
1222 2538 1448 2619 gentes
1493 2528 1912 2598 Americanae
1970 2527 2343 2597 innumerae
2416 2539 2483 2600 et
2538 2528 2847 2602 Malaicaa

591 2646 658 2728 et
703 2634 1037 2710 Africanae
1083 2634 1590 2716 considerantur,
1650 2657 1723 2703 ac
1768 2633 1939 2704 brevi
1988 2633 2253 2704 sortasse
2300 2634 2400 2704 vix
2446 2653 2609 2705 unus
2654 2635 2847 2706 totius

591 2738 758 2810 orbis
804 2749 1119 2811 terrarum
1165 2741 1432 2834 populus
1477 2739 1800 2810 oblivionis
1858 2761 1971 2808 nos
2024 2761 2325 2810 accusare
2372 2740 2622 2833 poterit.
2714 2738 2847 2812 Sed

589 2845 999 2920 metuendum
1045 2847 1289 2918 videtur
1346 2872 1428 2918 ne
1487 2857 1644 2942 quot
1700 2844 1963 2938 populos
2020 2855 2120 2916 tot
2174 2845 2521 2918 habeamus
2574 2845 2847 2939 philolo-

592 2953 748 3043 giaS,
793 2975 950 3050 quas
993 2955 1099 3048 qui
1144 2954 1519 3047 profitentur
1565 2953 1730 3022 inter
1774 2975 1845 3022 se
1892 2952 2235 3044 negligant.

769 3063 857 3132 At
901 3059 1282 3152 philologiae
1329 3067 1791 3180 argumentum
1823 3058 1942 3130 alio
1992 3059 2184 3129 etiam
2229 3057 2420 3130 modo
2468 3057 2849 3150 descriptum

596 3177 712 3241 est
803 3167 994 3236 Nam
1013 3189 1210 3260 quum
1257 3167 1499 3238 animus
1546 3167 1608 3236 in
1656 3187 1727 3234 se
1776 3166 1907 3258 ipso
1955 3167 2015 3236 in
2066 3147 2361 3235 diversas
2402 3163 2593 3236 abeat
2635 3173 2849 3256 partes

595 3281 662 3342 et
705 3271 962 3343 diversis
1007 3271 1268 3367 patefiat
1313 3272 1511 3342 modis
1558 3271 1653 3340 vel
1703 3271 1951 3352 formis,
2009 3293 2167 3365 quas
2210 3269 2385 3342 ideas
2432 3271 2849 3350 nominamus,

592 3386 664 3448 ut
710 3401 782 3450 re
827 3375 1095 3469 publ—ica,
1143 3378 1406 3457 familia,
1454 3389 1627 3456 arte,
1674 3377 1839 3450 aliis:
1896 3376 1959 3448 id
2006 3378 2198 3448 etiam
2244 3374 2682 3470 quaerendum
2732 3385 2848 3456 est,

593 3483 742 3578 qaid
791 3483 1032 3558 animus
1075 3484 1138 3554 in
1187 3483 1391 3577 aliqua
1438 3506 1552 3552 sua
1597 3483 1827 3574 agendi
1868 3483 2115 3553 ratione
2144 3483 2242 3553 vel
2273 3483 2475 3554 forma
2507 3479 2675 3573 apud
2704 3502 2847 3550 om·-

592 3613 706 3663 nes
753 3614 909 3686 quos
955 3590 1310 3662 noverimus
1355 3590 1625 3683 populos
1672 3589 1927 3660 efficere
1958 3590 2249 3683 potuerit.
2322 3589 2535 3672 Quam
2564 3586 2849 3660 idearum

595 3697 688 3768 vel
735 3699 1078 3768 formarum
1122 3696 1447 3766 historiam
1493 3707 1560 3765 et
1602 3696 1773 3766 illam
1816 3697 2189 3790 populorum
2230 3693 2553 3767 historiam
2585 3693 2750 3764 inter
2778 3717 2849 3766 se

593 3813 667 3870 ut
718 3802 803 3871 ita
860 3802 1064 3871 dicam
1123 3799 1462 3873 decussare
1521 3803 1705 3874 facile
1760 3803 2143 3894 intelligitur.
2239 3800 2437 3886 Quod
2490 3801 2696 3896 ipsum
2754 3811 2853 3872 est

595 3906 766 4002 quod
813 3908 1108 3982 volumus.
1201 3910 1298 3980 Ita
1347 3909 1516 3978 enim
1557 3932 1724 4003 quae
1768 3919 2105 4004 utramque
2150 3907 2525 4002 philologiae
2564 3915 2849 3978 tractan-

587 4011 714 4094 dae
761 4013 924 4088 viam
966 4035 1083 4106 per
1127 4039 1196 4086 se
1241 4012 1325 4085 ab
1369 4016 1568 4086 altera
1616 4014 1983 4106 disjunctam
2031 4015 2349 4095 deficiant,
2394 4037 2591 4110 quum
2624 4014 2850 4086 ambae

596 4118 884 4189 omnibus
930 4120 1084 4190 locis
1129 4121 1525 4200 conveniant,
1571 4121 1964 4213 supplentur,
2012 4143 2085 4189 ac
2128 4142 2296 4216 quae
2338 4119 2563 4213 singuli
2596 4119 2705 4190 viri
2739 4144 2849 4190 va·-

595 4226 828 4295 riarum
875 4227 1250 4322 philologiae
1298 4226 1762 4319 disciplinarum
1820 4228 2148 4297 studentes
2195 4225 2559 4320 excogitant
2602 4246 2850 4318 semper

592 4333 1076 4428 conjunguntur.
1169 4335 1380 4427 Atque
1425 4334 1548 4404 hoc
1591 4331 1782 4408 modo
1828 4333 1929 4416 fit,
1976 4340 2077 4416 ut,
2136 4332 2304 4430 quod
2348 4333 2550 4404 omnis
2596 4340 2695 4400 est
2736 4353 2849 4400 or-
