3225 5259
1609 295 1693 363 12

699 489 948 575 Quibus
991 494 1400 581 personarum
1445 488 1656 580 signis,
1700 512 1863 583 quae
1906 484 2217 561 rationem
2256 490 2421 561 inter
2461 490 2787 562 actionem·

521 608 590 667 et
645 596 998 689 subjectum
1051 594 1552 666 intercedentem
1607 606 1797 689 atque
1868 596 1928 665 in
1988 596 2295 667 sententia
2355 597 2772 688 gravissimam

521 712 882 797 exponunt,
940 701 1219 796 opposita
1264 710 1412 771 sunt
1454 700 1821 795 pronomina
1864 702 2151 786 relativa,
2206 703 2435 798 quibus
2478 703 2771 774 subordi-

520 808 805 890 nationis,
852 818 926 880 ut
951 809 1038 880 ita
1069 808 1285 890 dicam,
1331 807 1690 898 categoriae
1728 805 2101 895 indicentur,
2146 810 2511 881 attributum
2543 832 2773 903 nempe

522 926 590 987 et
631 938 832 987 casus.
847 916 906 1001 *)
1002 913 1194 998 Quod
1237 913 1298 983 in
1343 912 1599 1006 simplici
1646 914 2119 996 enunciatione,
2179 914 2347 985 idem
2391 916 2463 986 fit
2507 916 2771 987 insen-

520 1023 728 1093 tentiis
773 1022 1142 1115 compositis.
1233 1019 1361 1093 Sed
1407 1020 1466 1089 in
1525 1020 1621 1089 his
1666 1042 1861 1115 quum
1916 1045 2040 1093 non
2104 1022 2345 1115 singula
2410 1022 2599 1093 verba
2658 1022 2770 1092 sed

521 1128 850 1199 incisiones
895 1128 992 1198 vel
1025 1136 1356 1208 commata,
1401 1149 1564 1221 quae
1595 1126 1724 1220 ipsa
1757 1128 2113 1210 enunciant,
2159 1129 2281 1198 sint
2310 1128 2770 1222 conjungenda,

523 1234 686 1305 inter
732 1258 999 1329 seseque
1057 1232 1424 1314 referenda,
1477 1233 1878 1303 relativorum
1937 1236 2023 1305 vis
2078 1234 2524 1306 corroboretur
2581 1229 2771 1329 atq'ue

521 1348 830 1433 augeatur
873 1363 1134 1411 necesse
1181 1349 1297 1411 est.
1367 1340 1586 1421 Quare
1632 1340 1967 1423 relativum
2002 1365 2197 1436 quum
2236 1344 2298 1411 in
2331 1341 2589 1435 simplici
2618 1364 2771 1411 sen-

521 1448 720 1519 tentia
763 1446 1118 1541 saepissime
1165 1446 1474 1515 coalescat
1515 1468 1660 1515 cum
1705 1469 1779 1516 ea
1810 1470 1986 1529 voce,
2031 1471 2217 1542 quam
2248 1448 2325 1518 ad
2355 1448 2537 1519 aliam
2564 1472 2771 1543 quan-

523 1554 668 1625 dam
710 1554 928 1635 refert,
973 1553 1036 1622 in
1084 1551 1342 1646 periodo
1387 1573 1642 1645 semper
1701 1553 1837 1622 fere
1897 1565 1994 1624 est
2048 1554 2339 1625 solutum.
2434 1554 2624 1639 Quod
2668 1564 2771 1625 ta-

521 1684 666 1731 men
714 1664 838 1730 non
885 1659 1140 1740 sufficit3
1185 1658 1299 1729 sed
1342 1659 1402 1728 in
1452 1657 1888 1729 enunciatione
1935 1658 2232 1752 adjectiva
2276 1662 2539 1732 formam
2574 1661 2775 1733 induit

521 1765 961 1839 attributivam.
1047 1766 1150 1836 Ao
1191 1774 1329 1835 tum
1370 1761 1512 1829 κατ’
1555 1758 1806 1847 ἐξοχτὶν
1850 1767 2201 1837 nominatur
2254 1791 2600 1861 pronomen
2659 1792 2772 1837 re-

522 1872 788 1945 lativum.
880 1873 953 1941 In
1001 1871 1307 1942 sententia
1354 1894 1504 1941 vero
1549 1868 1883 1947 adverbiali
1941 1872 2269 1943 relativum
2313 1874 2585 1944 adverbii
2634 1876 2771 1945 for-

523 2002 692 2049 mam
749 1988 858 2048 aut
912 2000 1092 2047 casus
1149 1976 1470 2069 cujusdam
1538 1975 1731 2047 habet
1797 1977 2057 2047 exitum.
2152 1980 2281 2063 Qui
2312 1970 2615 2051 *summus
2674 1988 2773 2051 est

525 2087 774 2178 linguae
821 2080 1206 2154 excolendae
1251 2082 1504 2174 gradus,
1551 2106 1747 2177 quum
1791 2083 1878 2166 id,
1922 2108 2064 2178 quo,
2092 2086 2439 2156 formantur
2481 2088 2673 2157 verba
2704 2095 2773 2158 et

525 2192 895 2271 flectuntur,
949 2190 1154 2284 ipsum
1207 2190 1302 2258 sui
1357 2190 1548 2282 ipsius
1603 2213 1727 2284 ope
1783 2191 2103 2260 formatur.
2220 2192 2431 2273 Quem
2504 2193 2771 2283 gradum

524 2298 806 2393 profecto
849 2318 1200 2391 perpaucae
1245 2294 1592 2387 attigerunt
1635 2298 1922 2388 linguae,
1976 2296 2212 2366 multae
2258 2298 2319 2366 in
2369 2298 2771 2371 inferioribus

526 2426 600 2476 ao
642 2405 990 2497 permultae
1035 2402 1098 2471 in
1142 2402 1354 2472 infimo
1399 2403 1833 2474 constiterunt.
1904 2405 2065 2472 Nam
2110 2404 2387 2497 quamvis
2432 2430 2650 2477 omnes
2693 2404 2771 2477 ad

527 2534 724 2581 unum
766 2508 1048 2591 tendant,
1091 2516 1301 2579 tamen
1350 2508 1793 2579 diversissimas
1838 2519 2146 2604 sequutae
2192 2520 2341 2580 sunt
2384 2512 2545 2593 vias,
2606 2536 2769 2606 pau-

527 2618 807 2689 cissimae
851 2613 1102 2711 quidem
1144 2615 1336 2685 finem
1383 2614 1650 2708 adeptae
1694 2622 1861 2697 sunt,
1904 2615 2212 2709 plurimae
2256 2626 2503 2687 tantum
2548 2642 2583 2687 a
2613 2642 2771 2712 pro-

525 2724 726 2820 posito
772 2720 1240 2804 aberraverunt,
1283 2731 1356 2792 ut
1384 2722 1560 2815 quasi
1591 2744 1673 2791 ne
1704 2743 1739 2788 e
1772 2720 2123 2791 carceribus
2154 2718 2406 2818 quidem
2438 2725 2726 2797 exierint.

705 2827 952 2915 Quibus
997 2829 1344 2917 generatim
1389 2826 1691 2921 expositis
1717 2854 1721 2863 ’
1748 2851 1915 2898 nunc
1938 2858 1944 2867 ·
1962 2828 2093 2921 jam
2150 2829 2501 2921 singillatim
2561 2854 2771 2901 enun-

527 2935 808 3009 ciationis
851 2932 1212 3005 formandae
1273 2933 1531 3003 modum
1585 2942 1775 3028 atque
1833 2934 2135 3026 originem
2192 2958 2645 3033 persequamur
2698 2962 2773 3011 ac

529 3055 824 3137 tanquam
881 3040 1199 3112 historiam
1224 3092 1270 3124 ,.
1309 3064 1559 3135 semper
1627 3040 1869 3113 ratione
1936 3041 2142 3112 habita
2197 3046 2587 3136 pronominis
2654 3070 2769 3118 re-

523 3150 711 3222 lativi.
760 3188 836 3201 --

705 3254 1224 3327 Enunciationem
1269 3253 1542 3348 primum
1588 3264 1779 3349 atque
1824 3254 2147 3327 minimum
2194 3256 2520 3327 nominare
2566 3256 2769 3329 debe-

514 3386 667 3434 mus
697 3385 882 3431 verae
911 3362 1210 3456 vivaeque
1239 3361 1490 3451 linguae
1523 3362 1841 3432 effectum.
1902 3354 2117 3447 Quum
2149 3363 2313 3433 enim
2344 3354 2587 3433 animus
2616 3386 2772 3433 voce

529 3472 810 3541 internos
836 3468 1106 3561 erumpit
1129 3478 1355 3551 motus,
1370 3468 1500 3560 jam
1523 3470 1785 3539 formata
1810 3478 1908 3539 est
1931 3468 2297 3539 enunciatio.
2332 3470 2552 3563 ltaque
2573 3468 2769 3540 inter-

521 3577 848 3671 jectiones,
879 3598 1040 3670 quae
1075 3576 1342 3670 aliquem
1365 3575 1552 3644 animi
1587 3575 1885 3644 affectum
1917 3575 2290 3669 exprimant,
2311 3574 2783 3669 quodammodo>

531 3682 998 3755 enunciationes
1043 3676 1189 3751 sunt
1232 3680 1578 3751 habendae.
1648 3684 1811 3751 Tum
1859 3691 2069 3751 autem
2116 3681 2396 3752 voluntas
2428 3693 2525 3753 est
2554 3680 2771 3753 decla-

527 3790 722 3861 randa
745 3810 817 3859 ac
835 3810 1031 3882 quum
1051 3787 1516 3881 interjectiones
1535 3788 1682 3857 istas
1705 3788 1806 3857 vix
1828 3788 2136 3858 humanae
2162 3787 2476 3857 existimes
2497 3788 2771 3880 linguae,

401 3915 413 3925 ·
525 3897 670 3977 hae,
683 3918 837 3990 quas
861 3893 1250 3987 imperativus
1273 3894 1556 3965 nomines
1579 3894 2041 3965 enunciationes
2065 3919 2100 3965 a
2123 3894 2315 3965 libera
2330 3895 2460 3987 jam
2476 3906 2773 3967 creantur

529 4010 772 4073 mente·
811 4002 972 4071 Nam
997 4009 1107 4071 aut
1128 4010 1384 4070 vocatur
1406 4024 1510 4071 res
1531 4001 1629 4069 vel
1654 4001 1833 4083 actio,
1864 4024 2025 4095 quae
2056 4001 2426 4094 postulatur,
2456 4013 2567 4072 aut
2596 4012 2771 4074 certe

529 4108 1007 4177 demonstrativa
1039 4106 1240 4200 aliqua
1269 4130 1426 4178 voce
1469 4105 1954 4177 demonstratur.
2003 4108 2133 4191 Qui
2179 4107 2413 4199 gradus
2454 4107 2518 4179 in
2564 4110 2771 4179 omni-

529 4214 650 4285 hus
691 4212 1093 4285 inveniuntur
1137 4212 1395 4306 linguiS,
1451 4236 1524 4284 ac
1577 4212 1856 4307 quamvis
1911 4213 2149 4283 nullam
2206 4214 2579 4286 contendam
2624 4238 2767 4285 orn·-

536 4368 602 4381 ὼ

665 4444 716 4517 “)
748 4442 906 4501 Hanc
941 4446 1262 4503 sententiam
1297 4443 1450 4501 infra‘
1475 4444 1801 4505 arctioribus
1836 4419 2345 4504 circumscribemus
2378 4442 2639 4502 terminis.
