3225 5259
1507 310 1590 379 27

1089 427 1114 468 P

605 507 798 587 Nam,
853 526 928 575 ae
981 506 1262 575 venimus
1303 524 1476 573 nunc
1523 502 1911 597 tid-primam
1954 524 2199 575 eausam
2244 512 2551 584 nostram,
2607 506 2670 574 in

424 614 587 684 fibro
635 612 778 683 sebi
814 612 964 703 king
998 614 1111 698 (11,
1139 614 1206 682 4.
1238 609 1342 679 od.
1373 612 1436 679 8.
1467 632 1522 679 v.
1558 614 1671 696 11)
1714 611 1919 679 inveni
1962 610 2329 703 particuiam
2373 612 2477 680 seii
2504 613 2581 697 (2
2600 622 2672 703 g)

425 749 514 779 τε
561 719 854 810 quamvis
895 719 1062 787 inter
1107 717 1230 787 duo
1275 716 1487 798 verba,
1535 714 1616 785 ad
1660 738 1825 809 quae
1870 718 2217 790 referatur:
2262 712 2411 785 &iim
2458 728 2561 786 sui
2602 716 2675 807 fb'

427 827 502 909 (2
519 824 566 894 h
591 864 663 877 —-
699 826 744 892 2
764 826 812 912 i)
859 826 1152 917 quamvis
1195 824 1436 916 (piscis)
1479 843 1608 893 sese
1652 825 1970 912 derneryat
2014 830 2139 909 (et)
2183 824 2531 905 delitescat,
2576 824 2673 892 vel

427 932 480 1001 si
515 932 626 1012 νίε,
673 934 1082 1022 demergendo
1129 932 1476 1010 delitescam
1523 930 1626 999 sili
1670 928 1747 998 ad
1794 928 1921 997 duo
1952 926 2139 999 verba
2170 929 2447 1021 pertinet
2476 937 2544 999 et
2570 930 2674 997 in·-

429 1038 746 1129 terjieitur.
837 1040 910 1105 ln
959 1037 1050 1105 his
1095 1036 1380 1107 vocibus:
1421 1028 1502 1106 ‘si
1541 1036 1737 1125 ziciny
1779 1032 1905 1104 k'itt
1948 1035 2105 1120 (211,
2138 1036 2178 1115 1,
2204 1042 2320 1119 m),
2369 1038 2677 1105 discedere

427 1146 574 1213 volo
622 1158 678 1213 et
719 1146 1075 1235 relinquere
1116 1146 1212 1230 (S.
1245 1144 1305 1213 k.
1337 1146 1389 1225 Ι,
1431 1146 1495 1225 9,
1529 1144 1598 1227 ’7)
1644 1143 1835 1231 zicinq
1879 1140 1959 1209 ad
2000 1137 2081 1209 ‘si
2122 1150 2189 1210 et
2232 1141 2355 1211 k'itt
2399 1144 2678 1234 pertinet

427 1258 498 1317 et
541 1250 794 1343 proprie
853 1260 951 1319 est
1007 1250 1380 1319 iterandum.
1469 1248 1595 1317 Hie
1638 1270 1929 1342 quoque,
1984 1246 2034 1315 si
2076 1248 2195 1329 νὶε,
2244 1244 2325 1319 ‘si
2379 1259 2677 1341 tanquam

432 1353 794 1425 adverbium
842 1357 1030 1450 accipi
1083 1366 1292 1451 potest
1349 1356 1747 1427 discedendo.
1848 1355 1923 1423 In
1980 1354 2104 1424 hoe
2160 1354 2451 1452 extemplo
2504 1356 2679 1445 ktinq

423 1462 570 1531 siin
613 1469 803 1552 ωᾶη9
847 1464 920 1547 (2
945 1486 1003 1543 n,
1037 1487 1098 1544 o,
1129 1470 1198 1557 p)
1259 1464 1358 1547 (S.
1390 1462 1446 1531 k.
1481 1454 1562 1543 11,
1601 1464 1661 1541 1,
1694 1460 1757 1541 6,
1789 1462 1877 1546 4.)
1916 1462 2241 1552 principes
2282 1462 2526 1530 mortui
2567 1460 2677 1551 (et)

429 1592 619 1659 reyes,
666 1569 802 1637 siin
825 1602 912 1629 =
927 1571 1132 1660 prior,
1165 1592 1346 1649 avus,
1377 1580 1670 1637 mortuus
1699 1569 1829 1658 pari
1858 1566 2049 1637 modo
2081 1568 2157 1635 ad
2188 1567 2363 1658 kstny
2383 1598 2468 1629 ==
2486 1568 2678 1659 prin-

433 1674 600 1764 cipes
645 1684 712 1743 et
753 1682 946 1767 wdnq
988 1706 1074 1735 τε
1119 1695 1292 1765 reyes
1349 1684 1446 1743 est
1502 1672 1939 1754 referendum,
1996 1696 2071 1742 ac
2126 1673 2380 1741 minime
2438 1683 2537 1741 est
2594 1675 2679 1742 ita

425 1780 1008 1873 interpretandum,
1067 1779 1596 1874 quemadmodum
1642 1780 2197 1869 grammaticorum
2243 1775 2417 1869 leges
2456 1788 2680 1871 postu·-

433 1887 593 1957 lantt
648 1889 968 1981 principes
1027 1890 1126 1957 vel
1156 1887 1526 1979 principum
1569 1886 1811 1954 mortui
1847 1888 2013 1979 fiunt
2055 1906 2250 1976 reyes.
2314 1922 2390 1935 —
2455 1886 2681 1977 Itaque

428 2003 500 2061 et
543 1990 878 2095 partioulas
924 2007 991 2065 et
1036 1993 1428 2072 attributum,
1475 2014 1670 2085 quum
1714 1992 1951 2061 iterare
1998 1990 2335 2072 deberent,
2382 1992 2681 2061 Sinenses

430 2100 897 2193 interjecerunt
988 2099 1310 2171 Addamus
1357 2108 1569 2167 autem
1617 2097 1743 2168 duo
1791 2099 2107 2191 exempla,
2149 2098 2209 2165 in
2256 2098 2479 2191 quibus
2524 2097 2681 2167 sub-

426 2206 664 2297 jeetum
704 2208 936 2277 eodem
981 2206 1172 2277 modo
1215 2214 1540 2275 tractatur.
1632 2206 1700 2273 S.
1734 2203 1793 2273 k.
1840 2201 1893 2285 1,
1935 2204 1997 2283 6,
2042 2207 2103 2271 5.
2150 2202 2382 2294 legitur
2429 2201 2559 2273 hdn
2604 2204 2683 2271 k’i

426 2313 560 2381 Ισᾶη
607 2314 680 2398 (2
702 2337 763 2406 q,
796 2313 858 2394 b,
886 2320 962 2401 r)-
993 2312 1250 2383 emeruit
1302 2317 1361 2379 is
1418 2316 1533 2398 (sc.
1577 2309 1719 2395 flos)
1774 2314 1899 2397 (et)
1958 2322 2223 2379 exustus
2268 2325 2391 2389 est:
2446 2308 2511 2377 in
2558 2331 2683 2403 quo

435 2418 786 2511 subjectum
831 2417 908 2486 k'i
953 2420 1010 2489 is
1053 2417 1326 2511 pertinet
1383 2416 1463 2486 ad
1522 2416 1709 2487 ambo
1771 2414 2147 2509 praedicata.
2240 2414 2434 2499 Quod
2478 2416 2683 2485 inter-

436 2525 854 2619 pretationem
901 2533 1178 2593 nostram
1225 2542 1476 2593 vocum:
1533 2520 1703 2613 ‘cinq
1746 2526 1798 2591 ti
1824 2522 1983 2613 jue,
2042 2522 2211 2616 quod
2254 2542 2443 2614 supra
2488 2524 2683 2591 verti-

426 2648 606 2701 mus:
663 2632 1041 2702 venerabilis
1085 2645 1174 2700 est
1217 2634 1564 2721 imperator
1607 2635 1734 2715 (et)
1791 2630 1959 2699 dixit
2011 2628 2267 2699 omnino
2312 2626 2685 2697 confirmare

437 2738 700 2809 videtur.
775 2737 906 2808 Sed
950 2760 1144 2831 quum
1189 2736 1506 2819 SinenseS,
1549 2746 1625 2807 ut
1670 2726 1950 2816 vidimus),
1995 2732 2428 2855 praedicatum
2474 2745 2541 2805 et
2584 2742 2686 2805 at·-

437 2845 750 2915 tributum
787 2845 1041 2937 proprie
1087 2865 1210 2913 non
1258 2842 1671 2933 distinguant,
1727 2832 1958 2935 optimo
1995 2842 2140 2934 jure
2194 2853 2264 2911 et
2318 2832 2441 2911 hoe
2484 2841 2685 2911 inter-

439 2952 671 3043 pretari
711 2966 1044 3053 possumus
1088 2948 1208 3018 ita.
1230 2950 1630 3020 venerabilis
1672 2950 2018 3041 imperator
2049 2950 2233 3032 dixit,
2278 2951 2375 3019 vel
2416 2968 2687 3019 venora-

442 3058 566 3127 bile
584 3057 988 3149 imperatoris
1016 3058 1307 3133 verbum,·
1350 3056 1447 3125 vel
1473 3055 1812 3147 gerundio:
1844 3057 2202 3146 ehrwardiq
2224 3056 2439 3127 seiend
2460 3051 2690 3147 spraeh
2760 3064 2775 3085 ⁶

443 3174 511 3233 et
553 3163 736 3232 illud:
793 3164 1019 3233 aridus
1063 3164 1122 3232 is
1165 3157 1342 3250 (flos)
1387 3176 1653 3232 exustus
1696 3176 1817 3243 est,
1874 3164 1969 3231 vel
2030 3166 2370 3233 arescendo
2427 3176 2690 3233 metus
2770 3162 2775 3167 ’

444 3284 551 3339 est.
577 3309 668 3321 —-
695 3272 768 3340 ln
816 3270 1042 3339 eodem
1087 3268 1364 3338 carmine
1411 3268 1675 3364 legimus
1720 3270 1832 3338 ledi
1858 3266 1939 3338 k’i
1969 3268 2097 3339 ι’άη
2128 3270 2273 3356 (2s,
2302 3270 2364 3351 b,
2394 3275 2473 3354 t),
2518 3266 2689 3362 quod

443 3399 524 3446 ex
569 3398 682 3446 ore
727 3376 1028 3455 Senatui,
1084 3377 1512 3468 praeceptoris
1554 3376 1682 3443 mei
1728 3373 1789 3445 d.
1823 3399 1879 3445 a.
1914 3399 1987 3461 c,
2033 3374 2123 3444 ita
2168 3394 2417 3444 versum
2461 3374 2689 3444 audivi:
2780 3422 2793 3442 .

443 3502 720 3574 magmas
755 3489 909 3570 (est)
956 3482 1096 3574 ejus
1141 3469 1436 3574 ymnius&
1481 3482 1592 3551 ledi
1636 3482 1803 3551 enim
1850 3480 2159 3574 signifieat
2201 3479 2467 3551 hominis
2512 3480 2691 3551 valde

446 3590 806 3683 suspirantis
852 3609 1097 3657 sonum.
1173 3589 1492 3659 Sehottius
1538 3588 1731 3679 igitur
1774 3589 1886 3658 kei
1927 3598 2001 3658 ut
2044 3585 2469 3681 praedicatum
2503 3608 2693 3656 aece-

443 3696 562 3789 pit,
621 3704 692 3763 ut
750 3696 1000 3789 proprie
1047 3689 1419 3766 vertendum
1465 3703 1663 3774 esset,
1722 3695 2045 3766 vehemens
2064 3734 2103 3748 -
2127 3693 2478 3786 suspiratio
2534 3697 2693 3778 (est)

448 3802 590 3893 ejas
633 3803 918 3892 yemims.
1012 3800 1203 3884 Quod
1245 3800 1423 3871 valde
1468 3801 1860 3895 probandum
1908 3813 2035 3884 est,
2091 3824 2286 3896 quum
2330 3797 2694 3894 saepissime

447 3906 874 4001 praedicatum
921 3916 1067 3977 ante
1113 3908 1460 3999 subjectum
1507 3907 1892 3977 inveniamus
1946 3906 2238 4001 positum.
2330 3906 2461 3976 Sed
2517 3914 2695 3975 recte

449 4013 635 4081 etiam
665 4012 1034 4096 Lacharme,
1081 4015 1186 4109 qui
1233 4015 1392 4085 sicut
1433 4036 1621 4108 supra
1667 4013 2099 4108 interpositum
2130 4012 2210 4083 k'i
2241 4022 2314 4083 ut
2342 4011 2696 4103 subjectum

451 4117 826 4209 accepimus,
871 4120 970 4189 hic
1013 4144 1266 4215 quoque
1309 4121 1526 4192 vertit:
1573 4121 1857 4213 suspirat
1883 4121 2045 4189 heu!
2089 4122 2388 4212 suspirat.
2433 4117 2696 4187 Rectius

452 4222 641 4293 etiam
699 4224 781 4293 ita
837 4225 1122 4296 fortasse
1146 4228 1666 4321 interpretemur,
1722 4220 2250 4321 quemadmodum
2308 4224 2697 4319 paraphrasis

447 4325 656 4399 Siniea
681 4331 835 4413 vult,
877 4354 1044 4425 quae
1087 4334 1549 4405 circumscribat
1593 4334 1713 4404 hoc
1754 4332 1975 4403 modo.
2021 4330 2099 4401 k’i
2143 4333 2254 4402 kdi
2277 4328 2409 4424 ‘fin
2440 4331 2545 4400 orl
2566 4331 2699 4401 ε’άη

443 4439 523 4522 (2
543 4436 610 4525 b,
640 4455 692 4523 s,
719 4456 778 4521 v,
805 4454 872 4521 x,
900 4444 959 4523 t)
1006 4455 1084 4509 ea
1127 4442 1512 4533 suspirando
1558 4441 1747 4531 yenit
1788 4440 1887 4511 vel
1941 4440 2221 4535 proprie.
2280 4460 2355 4509 ea
2410 4438 2693 4530 suspirat
