<?xml version="1.0" encoding="UTF-8"?>
<!DOCTYPE html PUBLIC "-//W3C//DTD XHTML 1.0 Transitional//EN"
    "http://www.w3.org/TR/xhtml1/DTD/xhtml1-transitional.dtd">
<html xmlns="http://www.w3.org/1999/xhtml" xml:lang="en" lang="en">
 <head>
  <title>
</title>
<meta http-equiv="Content-Type" content="text/html;charset=utf-8" />
  <meta name='ocr-system' content='tesseract 3.04.00' />
  <meta name='ocr-capabilities' content='ocr_page ocr_carea ocr_par ocr_line ocrx_word'/>
</head>
<body>
  <div class='ocr_page' id='page_1' title='image "./depronominerela00steigoog_0051.png"; bbox 0 0 3225 5259; ppageno 0'>
   <div class='ocr_carea' id='block_1_1' title="bbox 1429 361 1516 428">
    <p class='ocr_par' dir='ltr' id='par_1_1' title="bbox 1429 361 1516 428">
     <span class='ocr_line' id='line_1_1' title="bbox 1429 361 1516 428; baseline 0.034 -3"><span class='ocrx_word' id='word_1_1' title='bbox 1429 361 1516 428; x_wconf 76' lang='lat'><strong>49</strong></span> 
     </span>
    </p>
   </div>
   <div class='ocr_carea' id='block_1_2' title="bbox 276 541 2686 4449">
    <p class='ocr_par' dir='ltr' id='par_1_2' title="bbox 276 541 2686 4449">
     <span class='ocr_line' id='line_1_2' title="bbox 339 541 2600 645; baseline 0.005 -29"><span class='ocrx_word' id='word_1_2' title='bbox 339 545 619 629; x_wconf 76' lang='lat' dir='ltr'><strong>dei-atur,</strong></span> <span class='ocrx_word' id='word_1_3' title='bbox 667 548 780 618; x_wconf 84' lang='lat' dir='ltr'><strong>sed</strong></span> <span class='ocrx_word' id='word_1_4' title='bbox 828 571 1014 629; x_wconf 82' lang='lat' dir='ltr'><strong>unus,</strong></span> <span class='ocrx_word' id='word_1_5' title='bbox 1061 551 1168 642; x_wconf 89' lang='lat' dir='ltr'><strong>qui</strong></span> <span class='ocrx_word' id='word_1_6' title='bbox 1213 559 1362 620; x_wconf 84' lang='lat' dir='ltr'><strong>ante</strong></span> <span class='ocrx_word' id='word_1_7' title='bbox 1409 541 1781 622; x_wconf 75' lang='lat' dir='ltr'><strong>attributum</strong></span> <span class='ocrx_word' id='word_1_8' title='bbox 1814 553 2050 645; x_wconf 75' lang='lat' dir='ltr'><strong>positus</strong></span> <span class='ocrx_word' id='word_1_9' title='bbox 2084 563 2203 636; x_wconf 86' lang='lat' dir='ltr'><strong>est,</strong></span> <span class='ocrx_word' id='word_1_10' title='bbox 2242 542 2600 628; x_wconf 78' lang='lat' dir='ltr'><strong>sufficiebat</strong></span> 
     </span>
     <span class='ocr_line' id='line_1_3' title="bbox 339 652 2599 753; baseline 0.004 -32"><span class='ocrx_word' id='word_1_11' title='bbox 339 663 405 722; x_wconf 91' lang='lat' dir='ltr'><strong>et</strong></span> <span class='ocrx_word' id='word_1_12' title='bbox 450 655 653 747; x_wconf 89' lang='lat' dir='ltr'><strong>repeti</strong></span> <span class='ocrx_word' id='word_1_13' title='bbox 703 677 824 723; x_wconf 92' lang='lat' dir='ltr'><strong>non</strong></span> <span class='ocrx_word' id='word_1_14' title='bbox 883 652 1190 737; x_wconf 83' lang='lat' dir='ltr'>debebat,</span> <span class='ocrx_word' id='word_1_15' title='bbox 1250 677 1445 748; x_wconf 85' lang='lat' dir='ltr'><strong>quum</strong></span> <span class='ocrx_word' id='word_1_16' title='bbox 1504 656 1765 728; x_wconf 83' lang='lat' dir='ltr'><strong>relativo</strong></span> <span class='ocrx_word' id='word_1_17' title='bbox 1806 660 1861 730; x_wconf 99' lang='lat' dir='ltr'>N</span> <span class='ocrx_word' id='word_1_18' title='bbox 1905 681 2047 728; x_wconf 80' lang='lat' dir='ltr'><strong>eum</strong></span> <span class='ocrx_word' id='word_1_19' title='bbox 2106 662 2241 753; x_wconf 89' lang='lat' dir='ltr'><strong>ipso</strong></span> <span class='ocrx_word' id='word_1_20' title='bbox 2298 661 2599 733; x_wconf 81' lang='lat' dir='ltr'><strong>attributo</strong></span> 
     </span>
     <span class='ocr_line' id='line_1_4' title="bbox 336 757 2602 855; baseline 0.004 -29"><span class='ocrx_word' id='word_1_21' title='bbox 336 757 416 826; x_wconf 86' lang='lat' dir='ltr'><strong>ad</strong></span> <span class='ocrx_word' id='word_1_22' title='bbox 466 759 818 850; x_wconf 78' lang='lat' dir='ltr'><strong>subjectum</strong></span> <span class='ocrx_word' id='word_1_23' title='bbox 865 762 1234 831; x_wconf 77' lang='lat' dir='ltr'><strong>referretur.</strong></span> <span class='ocrx_word' id='word_1_24' title='bbox 1315 763 1542 855; x_wconf 85' lang='lat' dir='ltr'><strong>ltaque</strong></span> <span class='ocrx_word' id='word_1_25' title='bbox 1571 779 1696 834; x_wconf 74' lang='grc' dir='ltr'><strong>ΗΜ</strong></span> <span class='ocrx_word' id='word_1_26' title='bbox 1732 766 1786 834; x_wconf 87' lang='grc' dir='ltr'><strong>Ν</strong></span> <span class='ocrx_word' id='word_1_27' title='bbox 1811 768 1995 838; x_wconf 73' lang='lat' dir='ltr'><strong>Rom</strong></span> <span class='ocrx_word' id='word_1_28' title='bbox 2027 789 2149 837; x_wconf 87' lang='lat' dir='ltr'><strong>non</strong></span> <span class='ocrx_word' id='word_1_29' title='bbox 2196 776 2293 836; x_wconf 87' lang='lat' dir='ltr'><strong>est</strong></span> <span class='ocrx_word' id='word_1_30' title='bbox 2322 771 2602 838; x_wconf 79' lang='lat' dir='ltr'><strong>Jemand</strong></span> 
     </span>
     <span class='ocr_line' id='line_1_5' title="bbox 335 866 2597 953; baseline 0.004 -19"><span class='ocrx_word' id='word_1_31' title='bbox 335 867 450 934; x_wconf 75' lang='lat' dir='ltr'><strong>der</strong></span> <span class='ocrx_word' id='word_1_32' title='bbox 496 866 855 947; x_wconf 73' lang='lat' dir='ltr'><strong>Menschen,</strong></span> <span class='ocrx_word' id='word_1_33' title='bbox 902 867 1000 935; x_wconf 84' lang='lat' dir='ltr'><strong>vel</strong></span> <span class='ocrx_word' id='word_1_34' title='bbox 1049 870 1329 937; x_wconf 71' lang='lat' dir='ltr'><strong>Jemand</strong></span> <span class='ocrx_word' id='word_1_35' title='bbox 1369 869 1635 938; x_wconf 77' lang='lat' dir='ltr'><strong>welchcr</strong></span> <span class='ocrx_word' id='word_1_36' title='bbox 1681 871 1793 937; x_wconf 83' lang='lat' dir='ltr'><strong>der</strong></span> <span class='ocrx_word' id='word_1_37' title='bbox 1839 871 2209 953; x_wconf 65' lang='lat' dir='ltr'><strong>Menschem</strong></span> <span class='ocrx_word' id='word_1_38' title='bbox 2264 873 2375 944; x_wconf 90' lang='lat' dir='ltr'><strong>sed</strong></span> <span class='ocrx_word' id='word_1_39' title='bbox 2390 897 2429 947; x_wconf 59' lang='grc' dir='ltr'><strong>ε,</strong></span> <span class='ocrx_word' id='word_1_40' title='bbox 2466 875 2597 944; x_wconf 80' lang='lat' dir='ltr'><strong>ali·-</strong></span> 
     </span>
     <span class='ocr_line' id='line_1_6' title="bbox 335 971 2599 1071; baseline 0.005 -33"><span class='ocrx_word' id='word_1_41' title='bbox 335 971 481 1060; x_wconf 71' lang='lat' dir='ltr'><strong>quis</strong></span> <span class='ocrx_word' id='word_1_42' title='bbox 525 972 738 1040; x_wconf 74' lang='lat' dir='ltr'><strong>homo.</strong></span> <span class='ocrx_word' id='word_1_43' title='bbox 823 987 1192 1047; x_wconf 80' lang='lat' dir='ltr'><strong>TEXOYSIA</strong></span> <span class='ocrx_word' id='word_1_44' title='bbox 1226 974 1282 1044; x_wconf 83' lang='lat' dir='ltr'>N</span> <span class='ocrx_word' id='word_1_45' title='bbox 1316 979 1524 1046; x_wconf 77' lang='grc' dir='ltr'>οῩδΜ</span> <span class='ocrx_word' id='word_1_46' title='bbox 1573 997 1697 1042; x_wconf 87' lang='lat' dir='ltr'><strong>non</strong></span> <span class='ocrx_word' id='word_1_47' title='bbox 1747 985 1853 1044; x_wconf 89' lang='lat' dir='ltr'><strong>est</strong></span> <span class='ocrx_word' id='word_1_48' title='bbox 1878 992 2165 1067; x_wconf 77' lang='lat' dir='ltr'><strong>potestas</strong></span> <span class='ocrx_word' id='word_1_49' title='bbox 2210 1003 2376 1071; x_wconf 82' lang='lat' dir='ltr'><strong>quae</strong></span> <span class='ocrx_word' id='word_1_50' title='bbox 2420 981 2599 1053; x_wconf 66' lang='lat' dir='ltr'><strong>edere</strong></span> 
     </span>
     <span class='ocr_line' id='line_1_7' title="bbox 331 1077 2593 1169; baseline 0.005 -27"><span class='ocrx_word' id='word_1_51' title='bbox 331 1087 444 1145; x_wconf 91' lang='lat' dir='ltr'><strong>aut</strong></span> <span class='ocrx_word' id='word_1_52' title='bbox 489 1099 656 1168; x_wconf 75' lang='lat' dir='ltr'><strong>quae</strong></span> <span class='ocrx_word' id='word_1_53' title='bbox 701 1078 944 1160; x_wconf 79' lang='lat' dir='ltr'><strong>edendi,</strong></span> <span class='ocrx_word' id='word_1_54' title='bbox 965 1077 1100 1148; x_wconf 73' lang='lat' dir='ltr'><strong>sed</strong></span> <span class='ocrx_word' id='word_1_55' title='bbox 1138 1092 1431 1169; x_wconf 74' lang='lat' dir='ltr'><strong>potestas</strong></span> <span class='ocrx_word' id='word_1_56' title='bbox 1475 1079 1719 1150; x_wconf 80' lang='lat' dir='ltr'><strong>edendi.</strong></span> <span class='ocrx_word' id='word_1_57' title='bbox 1812 1096 2255 1156; x_wconf 81' lang='lat' dir='ltr'>TETNSOOYN</span> <span class='ocrx_word' id='word_1_58' title='bbox 2290 1099 2421 1160; x_wconf 89' lang='lat' dir='ltr'><strong>NTI</strong></span> <span class='ocrx_word' id='word_1_59' title='bbox 2466 1108 2593 1155; x_wconf 80' lang='lat' dir='ltr'><strong>non</strong></span> 
     </span>
     <span class='ocr_line' id='line_1_8' title="bbox 332 1172 2593 1278; baseline 0.004 -29"><span class='ocrx_word' id='word_1_60' title='bbox 332 1191 462 1250; x_wconf 72' lang='lat' dir='ltr'><strong>estz</strong></span> <span class='ocrx_word' id='word_1_61' title='bbox 509 1182 680 1252; x_wconf 76' lang='lat' dir='ltr'><strong>scitis</strong></span> <span class='ocrx_word' id='word_1_62' title='bbox 725 1183 847 1275; x_wconf 80' lang='lat' dir='ltr'><strong>(id)</strong></span> <span class='ocrx_word' id='word_1_63' title='bbox 897 1187 1075 1275; x_wconf 79' lang='lat' dir='ltr'><strong>quod</strong></span> <span class='ocrx_word' id='word_1_64' title='bbox 1119 1185 1326 1254; x_wconf 80' lang='lat' dir='ltr'><strong>dandi</strong></span> <span class='ocrx_word' id='word_1_65' title='bbox 1337 1209 1361 1262; x_wconf 79' lang='lat'><strong>,-</strong></span> <span class='ocrx_word' id='word_1_66' title='bbox 1401 1172 1522 1254; x_wconf 51' lang='lat' dir='ltr'><strong>&#39;sed</strong></span> <span class='ocrx_word' id='word_1_67' title='bbox 1566 1186 1670 1253; x_wconf 79' lang='lat' dir='ltr'><strong>ihr</strong></span> <span class='ocrx_word' id='word_1_68' title='bbox 1712 1187 1889 1256; x_wconf 77' lang='lat' dir='ltr'><strong>wisst</strong></span> <span class='ocrx_word' id='word_1_69' title='bbox 1931 1211 2021 1256; x_wconf 79' lang='lat' dir='ltr'><strong>zu</strong></span> <span class='ocrx_word' id='word_1_70' title='bbox 2062 1177 2275 1278; x_wconf 68' lang='lat' dir='ltr'><strong>ychen.</strong></span> <span class='ocrx_word' id='word_1_71' title='bbox 2368 1189 2467 1257; x_wconf 91' lang='lat' dir='ltr'><strong>Ac</strong></span> <span class='ocrx_word' id='word_1_72' title='bbox 2520 1212 2593 1258; x_wconf 90' lang='lat' dir='ltr'><strong>re</strong></span> 
     </span>
     <span class='ocr_line' id='line_1_9' title="bbox 331 1291 2591 1384; baseline 0.003 -29"><span class='ocrx_word' id='word_1_73' title='bbox 331 1309 478 1356; x_wconf 82' lang='lat' dir='ltr'><strong>vera</strong></span> <span class='ocrx_word' id='word_1_74' title='bbox 525 1298 598 1356; x_wconf 89' lang='lat' dir='ltr'><strong>ut</strong></span> <span class='ocrx_word' id='word_1_75' title='bbox 645 1297 854 1358; x_wconf 89' lang='lat' dir='ltr'><strong>nostra</strong></span> <span class='ocrx_word' id='word_1_76' title='bbox 901 1292 992 1369; x_wconf 82' lang='lat' dir='ltr'><strong>in,</strong></span> <span class='ocrx_word' id='word_1_77' title='bbox 1037 1315 1124 1358; x_wconf 79' lang='lat' dir='ltr'><strong>zu</strong></span> <span class='ocrx_word' id='word_1_78' title='bbox 1165 1299 1231 1358; x_wconf 88' lang='lat' dir='ltr'><strong>et</strong></span> <span class='ocrx_word' id='word_1_79' title='bbox 1275 1291 1516 1364; x_wconf 83' lang='lat' dir='ltr'><strong>mult-ae</strong></span> <span class='ocrx_word' id='word_1_80' title='bbox 1561 1291 2053 1382; x_wconf 78' lang='lat' dir='ltr'>praepositiones</span> <span class='ocrx_word' id='word_1_81' title='bbox 2096 1293 2158 1360; x_wconf 90' lang='lat' dir='ltr'><strong>in</strong></span> <span class='ocrx_word' id='word_1_82' title='bbox 2206 1293 2430 1384; x_wconf 78' lang='lat' dir='ltr'><strong>linguis</strong></span> <span class='ocrx_word' id='word_1_83' title='bbox 2476 1294 2591 1362; x_wconf 89' lang='lat' dir='ltr'><strong>In·-</strong></span> 
     </span>
     <span class='ocr_line' id='line_1_10' title="bbox 329 1392 2593 1491; baseline 0.003 -30"><span class='ocrx_word' id='word_1_84' title='bbox 329 1392 786 1489; x_wconf 88' lang='lat' dir='ltr'><strong>do-europaeis</strong></span> <span class='ocrx_word' id='word_1_85' title='bbox 843 1394 1137 1489; x_wconf 75' lang='lat' dir='ltr'><strong>principio</strong></span> <span class='ocrx_word' id='word_1_86' title='bbox 1194 1405 1342 1466; x_wconf 84' lang='lat' dir='ltr'><strong>sunt</strong></span> <span class='ocrx_word' id='word_1_87' title='bbox 1398 1397 1802 1489; x_wconf 84' lang='lat' dir='ltr'>pronomina,</span> <span class='ocrx_word' id='word_1_88' title='bbox 1861 1396 1949 1466; x_wconf 85' lang='lat' dir='ltr'><strong>ita</strong></span> <span class='ocrx_word' id='word_1_89' title='bbox 1998 1401 2055 1467; x_wconf 86' lang='lat' dir='ltr'>N</span> <span class='ocrx_word' id='word_1_90' title='bbox 2104 1421 2368 1491; x_wconf 34' lang='lat' dir='ltr'><strong>‚quoque</strong></span> <span class='ocrx_word' id='word_1_91' title='bbox 2424 1398 2593 1491; x_wconf 89' lang='lat' dir='ltr'><strong>apud</strong></span> 
     </span>
     <span class='ocr_line' id='line_1_11' title="bbox 327 1494 2591 1595; baseline 0.004 -28"><span class='ocrx_word' id='word_1_92' title='bbox 327 1499 670 1592; x_wconf 79' lang='lat' dir='ltr'><strong>Aegyptios</strong></span> <span class='ocrx_word' id='word_1_93' title='bbox 711 1501 892 1571; x_wconf 81' lang='lat' dir='ltr'><strong>facile</strong></span> <span class='ocrx_word' id='word_1_94' title='bbox 925 1524 1067 1571; x_wconf 90' lang='lat' dir='ltr'><strong>eam</strong></span> <span class='ocrx_word' id='word_1_95' title='bbox 1114 1494 1226 1572; x_wconf 88' lang='lat' dir='ltr'><strong>sibi</strong></span> <span class='ocrx_word' id='word_1_96' title='bbox 1272 1523 1576 1593; x_wconf 80' lang='lat' dir='ltr'><strong>arrogare</strong></span> <span class='ocrx_word' id='word_1_97' title='bbox 1623 1501 1827 1595; x_wconf 87' lang='lat' dir='ltr'><strong>potuit</strong></span> <span class='ocrx_word' id='word_1_98' title='bbox 1859 1501 1999 1582; x_wconf 86' lang='lat' dir='ltr'><strong>vim,</strong></span> <span class='ocrx_word' id='word_1_99' title='bbox 2046 1514 2282 1572; x_wconf 87' lang='lat' dir='ltr'><strong>utrem</strong></span> <span class='ocrx_word' id='word_1_100' title='bbox 2314 1503 2375 1573; x_wconf 90' lang='lat' dir='ltr'><strong>in</strong></span> <span class='ocrx_word' id='word_1_101' title='bbox 2407 1506 2591 1576; x_wconf 85' lang='lat' dir='ltr'><strong>aliam</strong></span> 
     </span>
     <span class='ocr_line' id='line_1_12' title="bbox 327 1608 2631 1701; baseline 0.004 -30"><span class='ocrx_word' id='word_1_102' title='bbox 327 1616 698 1695; x_wconf 85' lang='lat' dir='ltr'><strong>vergentem</strong></span> <span class='ocrx_word' id='word_1_103' title='bbox 745 1608 1136 1699; x_wconf 85' lang='lat' dir='ltr'><strong>exprimeret</strong></span> <span class='ocrx_word' id='word_1_104' title='bbox 1146 1632 1163 1692; x_wconf 84' lang='lat'><em>3</em></span> <span class='ocrx_word' id='word_1_105' title='bbox 1211 1630 1486 1701; x_wconf 90' lang='lat' dir='ltr'><strong>quocum</strong></span> <span class='ocrx_word' id='word_1_106' title='bbox 1531 1609 1841 1699; x_wconf 85' lang='lat' dir='ltr'><strong>congruit,</strong></span> <span class='ocrx_word' id='word_1_107' title='bbox 1888 1608 2057 1701; x_wconf 88' lang='lat' dir='ltr'><strong>quod</strong></span> <span class='ocrx_word' id='word_1_108' title='bbox 2106 1609 2393 1678; x_wconf 88' lang='lat' dir='ltr'><strong>notiones</strong></span> <span class='ocrx_word' id='word_1_109' title='bbox 2440 1611 2591 1682; x_wconf 81' lang='lat' dir='ltr'><strong>alias</strong></span> <span class='ocrx_word' id='word_1_110' title='bbox 2626 1685 2631 1690; x_wconf 67' lang='grc'><strong>,</strong></span> 
     </span>
     <span class='ocr_line' id='line_1_13' title="bbox 276 1709 2589 1809; baseline 0.004 -33"><span class='ocrx_word' id='word_1_111' title='bbox 276 1764 285 1768; x_wconf 82' lang='grc'><strong>-</strong></span> <span class='ocrx_word' id='word_1_112' title='bbox 325 1709 386 1778; x_wconf 89' lang='lat' dir='ltr'><strong>in</strong></span> <span class='ocrx_word' id='word_1_113' title='bbox 435 1710 581 1780; x_wconf 82' lang='lat' dir='ltr'><strong>alias</strong></span> <span class='ocrx_word' id='word_1_114' title='bbox 629 1721 964 1803; x_wconf 83' lang='lat' dir='ltr'><strong>vergentes</strong></span> <span class='ocrx_word' id='word_1_115' title='bbox 1009 1711 1263 1796; x_wconf 84' lang='lat' dir='ltr'><strong>indicat,</strong></span> <span class='ocrx_word' id='word_1_116' title='bbox 1313 1714 1562 1782; x_wconf 88' lang='lat' dir='ltr'><strong>omnino</strong></span> <span class='ocrx_word' id='word_1_117' title='bbox 1610 1723 1680 1782; x_wconf 92' lang='lat' dir='ltr'><strong>ut</strong></span> <span class='ocrx_word' id='word_1_118' title='bbox 1726 1724 2013 1782; x_wconf 81' lang='lat' dir='ltr'><strong>nostrum</strong></span> <span class='ocrx_word' id='word_1_119' title='bbox 2060 1737 2167 1783; x_wconf 82' lang='lat' dir='ltr'><strong>zu.</strong></span> <span class='ocrx_word' id='word_1_120' title='bbox 2224 1715 2441 1809; x_wconf 83' lang='lat' dir='ltr'><strong>Atque</strong></span> <span class='ocrx_word' id='word_1_121' title='bbox 2472 1740 2589 1786; x_wconf 90' lang='lat' dir='ltr'><strong>ve-</strong></span> 
     </span>
     <span class='ocr_line' id='line_1_14' title="bbox 323 1817 2587 1912; baseline 0.003 -27"><span class='ocrx_word' id='word_1_122' title='bbox 323 1839 464 1885; x_wconf 83' lang='lat' dir='ltr'><strong>rum</strong></span> <span class='ocrx_word' id='word_1_123' title='bbox 511 1817 560 1886; x_wconf 86' lang='lat' dir='ltr'><strong>si</strong></span> <span class='ocrx_word' id='word_1_124' title='bbox 607 1818 814 1912; x_wconf 79' lang='lat' dir='ltr'><strong>aliquo</strong></span> <span class='ocrx_word' id='word_1_125' title='bbox 862 1820 1048 1889; x_wconf 91' lang='lat' dir='ltr'><strong>modo</strong></span> <span class='ocrx_word' id='word_1_126' title='bbox 1107 1820 1346 1890; x_wconf 87' lang='lat' dir='ltr'><strong>sentire</strong></span> <span class='ocrx_word' id='word_1_127' title='bbox 1408 1818 1693 1889; x_wconf 84' lang='lat' dir='ltr'><strong>volumus</strong></span> <span class='ocrx_word' id='word_1_128' title='bbox 1752 1818 2154 1888; x_wconf 80' lang='lat' dir='ltr'><strong>multifarium</strong></span> <span class='ocrx_word' id='word_1_129' title='bbox 2212 1819 2371 1889; x_wconf 77' lang='lat' dir='ltr'><strong>illius</strong></span> <span class='ocrx_word' id='word_1_130' title='bbox 2427 1824 2487 1892; x_wconf 87' lang='lat' dir='ltr'>N</span> <span class='ocrx_word' id='word_1_131' title='bbox 2525 1823 2587 1892; x_wconf 91' lang='lat' dir='ltr'><strong>in</strong></span> 
     </span>
     <span class='ocr_line' id='line_1_15' title="bbox 325 1921 2586 2020; baseline 0.003 -30"><span class='ocrx_word' id='word_1_132' title='bbox 325 1921 566 1992; x_wconf 77' lang='lat' dir='ltr'><strong>casibus</strong></span> <span class='ocrx_word' id='word_1_133' title='bbox 626 1947 812 1994; x_wconf 88' lang='lat' dir='ltr'><strong>usum</strong></span> <span class='ocrx_word' id='word_1_134' title='bbox 867 1924 1284 1995; x_wconf 81' lang='lat' dir='ltr'><strong>recor-demur</strong></span> <span class='ocrx_word' id='word_1_135' title='bbox 1343 1925 1569 1995; x_wconf 89' lang='lat' dir='ltr'><strong>harum</strong></span> <span class='ocrx_word' id='word_1_136' title='bbox 1629 1926 2103 1995; x_wconf 79' lang='lat' dir='ltr'><strong>vernacularum</strong></span> <span class='ocrx_word' id='word_1_137' title='bbox 2162 1927 2586 2020; x_wconf 88' lang='lat' dir='ltr'><strong>comprehen-</strong></span> 
     </span>
     <span class='ocr_line' id='line_1_16' title="bbox 321 2027 2588 2122; baseline 0.004 -28"><span class='ocrx_word' id='word_1_138' title='bbox 321 2027 599 2098; x_wconf 83' lang='lat' dir='ltr'><strong>sionum:</strong></span> <span class='ocrx_word' id='word_1_139' title='bbox 660 2055 726 2102; x_wconf 77' lang='lat' dir='ltr'><strong>ea</strong></span> <span class='ocrx_word' id='word_1_140' title='bbox 779 2033 992 2101; x_wconf 74' lang='lat' dir='ltr'><strong>macht</strong></span> <span class='ocrx_word' id='word_1_141' title='bbox 1047 2032 1174 2102; x_wconf 82' lang='lat' dir='ltr'><strong>mir</strong></span> <span class='ocrx_word' id='word_1_142' title='bbox 1231 2033 1598 2122; x_wconf 64' lang='lat' dir='ltr'><strong>Verqnitqen</strong></span> <span class='ocrx_word' id='word_1_143' title='bbox 1642 2050 1729 2098; x_wconf 79' lang='lat' dir='ltr'><strong>zu</strong></span> <span class='ocrx_word' id='word_1_144' title='bbox 1775 2031 2038 2121; x_wconf 79' lang='lat' dir='ltr'><strong>spielen,</strong></span> <span class='ocrx_word' id='word_1_145' title='bbox 2097 2032 2199 2101; x_wconf 76' lang='lat' dir='ltr'><strong>die</strong></span> <span class='ocrx_word' id='word_1_146' title='bbox 2242 2035 2459 2102; x_wconf 79' lang='lat' dir='ltr'><strong>Kunst</strong></span> <span class='ocrx_word' id='word_1_147' title='bbox 2500 2055 2588 2102; x_wconf 81' lang='lat' dir='ltr'><strong>zu</strong></span> 
     </span>
     <span class='ocr_line' id='line_1_17' title="bbox 323 2135 2587 2229; baseline 0.002 -27"><span class='ocrx_word' id='word_1_148' title='bbox 323 2135 577 2224; x_wconf 74' lang='lat' dir='ltr'><strong>spielen,</strong></span> <span class='ocrx_word' id='word_1_149' title='bbox 623 2149 740 2226; x_wconf 71' lang='lat' dir='ltr'><strong>yut</strong></span> <span class='ocrx_word' id='word_1_150' title='bbox 781 2163 870 2206; x_wconf 78' lang='lat' dir='ltr'><strong>zu</strong></span> <span class='ocrx_word' id='word_1_151' title='bbox 911 2137 1328 2228; x_wconf 66' lang='lat' dir='ltr'><strong>pebrauchem</strong></span> <span class='ocrx_word' id='word_1_152' title='bbox 1375 2137 1476 2206; x_wconf 78' lang='lat' dir='ltr'><strong>ich</strong></span> <span class='ocrx_word' id='word_1_153' title='bbox 1521 2137 1677 2206; x_wconf 76' lang='lat' dir='ltr'><strong>liobe</strong></span> <span class='ocrx_word' id='word_1_154' title='bbox 1720 2159 1807 2205; x_wconf 78' lang='lat' dir='ltr'><strong>zu</strong></span> <span class='ocrx_word' id='word_1_155' title='bbox 1838 2137 2091 2226; x_wconf 79' lang='lat' dir='ltr'><strong>spielen,</strong></span> <span class='ocrx_word' id='word_1_156' title='bbox 2140 2136 2199 2202; x_wconf 89' lang='lat' dir='ltr'><strong>in</strong></span> <span class='ocrx_word' id='word_1_157' title='bbox 2244 2136 2468 2229; x_wconf 85' lang='lat' dir='ltr'><strong>quibus</strong></span> <span class='ocrx_word' id='word_1_158' title='bbox 2498 2162 2587 2206; x_wconf 81' lang='lat' dir='ltr'><strong>zu</strong></span> 
     </span>
     <span class='ocr_line' id='line_1_18' title="bbox 323 2240 2582 2336; baseline 0.003 -30"><span class='ocrx_word' id='word_1_159' title='bbox 323 2240 556 2308; x_wconf 88' lang='lat' dir='ltr'><strong>nomin.</strong></span> <span class='ocrx_word' id='word_1_160' title='bbox 627 2264 774 2330; x_wconf 87' lang='lat' dir='ltr'><strong>gen.</strong></span> <span class='ocrx_word' id='word_1_161' title='bbox 847 2241 971 2312; x_wconf 90' lang='lat' dir='ltr'><strong>dat.</strong></span> <span class='ocrx_word' id='word_1_162' title='bbox 1033 2253 1096 2312; x_wconf 94' lang='lat' dir='ltr'><strong>et</strong></span> <span class='ocrx_word' id='word_1_163' title='bbox 1153 2265 1282 2312; x_wconf 86' lang='lat' dir='ltr'><strong>acc.</strong></span> <span class='ocrx_word' id='word_1_164' title='bbox 1341 2241 1619 2310; x_wconf 88' lang='lat' dir='ltr'><strong>denotat.</strong></span> <span class='ocrx_word' id='word_1_165' title='bbox 1700 2281 1785 2292; x_wconf 92' lang='lat'><strong>—-</strong></span> <span class='ocrx_word' id='word_1_166' title='bbox 1864 2240 1995 2314; x_wconf 86' lang='lat' dir='ltr'><strong>Sed</strong></span> <span class='ocrx_word' id='word_1_167' title='bbox 2061 2241 2245 2310; x_wconf 77' lang='lat' dir='ltr'><strong>aliam</strong></span> <span class='ocrx_word' id='word_1_168' title='bbox 2316 2264 2582 2336; x_wconf 87' lang='lat' dir='ltr'><strong>eamque</strong></span> 
     </span>
     <span class='ocr_line' id='line_1_19' title="bbox 319 2346 2583 2441; baseline 0.001 -27"><span class='ocrx_word' id='word_1_169' title='bbox 319 2346 654 2416; x_wconf 78' lang='lat' dir='ltr'><strong>arctiorem</strong></span> <span class='ocrx_word' id='word_1_170' title='bbox 699 2347 864 2416; x_wconf 90' lang='lat' dir='ltr'><strong>inter</strong></span> <span class='ocrx_word' id='word_1_171' title='bbox 908 2371 1254 2441; x_wconf 72' lang='lat' dir='ltr'><strong>pronomen</strong></span> <span class='ocrx_word' id='word_1_172' title='bbox 1313 2348 1492 2416; x_wconf 78' lang='lat' dir='ltr'><strong>relat.</strong></span> <span class='ocrx_word' id='word_1_173' title='bbox 1537 2352 1602 2419; x_wconf 89' lang='grc' dir='ltr'><strong>Ν.</strong></span> <span class='ocrx_word' id='word_1_174' title='bbox 1640 2356 1705 2416; x_wconf 91' lang='lat' dir='ltr'><strong>et</strong></span> <span class='ocrx_word' id='word_1_175' title='bbox 1758 2369 2039 2440; x_wconf 85' lang='lat' dir='ltr'><strong>praepos.</strong></span> <span class='ocrx_word' id='word_1_176' title='bbox 2086 2349 2143 2416; x_wconf 89' lang='grc' dir='ltr'><strong>Ν</strong></span> <span class='ocrx_word' id='word_1_177' title='bbox 2183 2369 2373 2440; x_wconf 85' lang='lat' dir='ltr'><strong>quam</strong></span> <span class='ocrx_word' id='word_1_178' title='bbox 2420 2348 2583 2418; x_wconf 88' lang='lat' dir='ltr'><strong>inter</strong></span> 
     </span>
     <span class='ocr_line' id='line_1_20' title="bbox 319 2451 2581 2546; baseline 0.001 -26"><span class='ocrx_word' id='word_1_179' title='bbox 319 2463 568 2522; x_wconf 84' lang='lat' dir='ltr'><strong>nostras</strong></span> <span class='ocrx_word' id='word_1_180' title='bbox 615 2453 1108 2546; x_wconf 77' lang='lat' dir='ltr'><strong>praepositiones</strong></span> <span class='ocrx_word' id='word_1_181' title='bbox 1159 2464 1226 2522; x_wconf 94' lang='lat' dir='ltr'><strong>et</strong></span> <span class='ocrx_word' id='word_1_182' title='bbox 1263 2452 1633 2546; x_wconf 84' lang='lat' dir='ltr'><strong>pronomina</strong></span> <span class='ocrx_word' id='word_1_183' title='bbox 1674 2451 2055 2522; x_wconf 84' lang='lat' dir='ltr'><strong>intercidere</strong></span> <span class='ocrx_word' id='word_1_184' title='bbox 2097 2453 2409 2522; x_wconf 88' lang='lat' dir='ltr'><strong>rationem</strong></span> <span class='ocrx_word' id='word_1_185' title='bbox 2460 2477 2581 2522; x_wconf 91' lang='lat' dir='ltr'><strong>ne-</strong></span> 
     </span>
     <span class='ocr_line' id='line_1_21' title="bbox 319 2557 2581 2653; baseline 0 -27"><span class='ocrx_word' id='word_1_186' title='bbox 319 2579 496 2648; x_wconf 81' lang='lat' dir='ltr'><strong>gem;</strong></span> <span class='ocrx_word' id='word_1_187' title='bbox 543 2569 611 2629; x_wconf 84' lang='lat' dir='ltr'><strong>et</strong></span> <span class='ocrx_word' id='word_1_188' title='bbox 640 2581 922 2653; x_wconf 88' lang='lat' dir='ltr'><strong>praepos.</strong></span> <span class='ocrx_word' id='word_1_189' title='bbox 963 2564 1040 2640; x_wconf 81' lang='lat' dir='ltr'><strong>N,</strong></span> <span class='ocrx_word' id='word_1_190' title='bbox 1089 2570 1154 2629; x_wconf 90' lang='lat' dir='ltr'><strong>et</strong></span> <span class='ocrx_word' id='word_1_191' title='bbox 1197 2558 1258 2627; x_wconf 85' lang='lat' dir='ltr'><strong>id</strong></span> <span class='ocrx_word' id='word_1_192' title='bbox 1288 2559 1348 2630; x_wconf 90' lang='grc' dir='ltr'><strong>Ν</strong></span> <span class='ocrx_word' id='word_1_193' title='bbox 1389 2557 1558 2651; x_wconf 87' lang='lat' dir='ltr'><strong>quod</strong></span> <span class='ocrx_word' id='word_1_194' title='bbox 1591 2558 1775 2626; x_wconf 87' lang='lat' dir='ltr'><strong>dativi</strong></span> <span class='ocrx_word' id='word_1_195' title='bbox 1824 2567 1889 2626; x_wconf 88' lang='lat' dir='ltr'><strong>et</strong></span> <span class='ocrx_word' id='word_1_196' title='bbox 1936 2557 2267 2628; x_wconf 82' lang='lat' dir='ltr'><strong>accusativi</strong></span> <span class='ocrx_word' id='word_1_197' title='bbox 2312 2559 2581 2650; x_wconf 85' lang='lat' dir='ltr'><strong>signum,</strong></span> 
     </span>
     <span class='ocr_line' id='line_1_22' title="bbox 317 2662 2583 2758; baseline 0.001 -28"><span class='ocrx_word' id='word_1_198' title='bbox 317 2665 572 2757; x_wconf 84' lang='lat' dir='ltr'><strong>proprie</strong></span> <span class='ocrx_word' id='word_1_199' title='bbox 603 2675 818 2735; x_wconf 89' lang='lat' dir='ltr'><strong>autem</strong></span> <span class='ocrx_word' id='word_1_200' title='bbox 850 2665 1070 2734; x_wconf 91' lang='lat' dir='ltr'><strong>eadem</strong></span> <span class='ocrx_word' id='word_1_201' title='bbox 1104 2664 1480 2758; x_wconf 71' lang='lat' dir='ltr'><strong>praepositio</strong></span> <span class='ocrx_word' id='word_1_202' title='bbox 1513 2674 1633 2746; x_wconf 84' lang='lat' dir='ltr'><strong>est,</strong></span> <span class='ocrx_word' id='word_1_203' title='bbox 1679 2662 2148 2758; x_wconf 82' lang='lat' dir='ltr'><strong>pronominibus</strong></span> <span class='ocrx_word' id='word_1_204' title='bbox 2184 2665 2341 2732; x_wconf 88' lang='lat' dir='ltr'><strong>verti</strong></span> <span class='ocrx_word' id='word_1_205' title='bbox 2374 2673 2583 2756; x_wconf 79' lang='lat' dir='ltr'><strong>potest</strong></span> 
     </span>
     <span class='ocr_line' id='line_1_23' title="bbox 317 2770 2579 2864; baseline 0.001 -26"><span class='ocrx_word' id='word_1_206' title='bbox 317 2770 592 2840; x_wconf 89' lang='lat' dir='ltr'><strong>minime.</strong></span> <span class='ocrx_word' id='word_1_207' title='bbox 670 2773 828 2842; x_wconf 86' lang='lat' dir='ltr'><strong>Nam</strong></span> <span class='ocrx_word' id='word_1_208' title='bbox 885 2772 1123 2842; x_wconf 85' lang='lat' dir='ltr'><strong>etiamsi</strong></span> <span class='ocrx_word' id='word_1_209' title='bbox 1181 2781 1279 2842; x_wconf 86' lang='lat' dir='ltr'><strong>est</strong></span> <span class='ocrx_word' id='word_1_210' title='bbox 1321 2794 1356 2840; x_wconf 93' lang='lat' dir='ltr'>e</span> <span class='ocrx_word' id='word_1_211' title='bbox 1409 2772 1784 2864; x_wconf 87' lang='lat' dir='ltr'><strong>pronomine</strong></span> <span class='ocrx_word' id='word_1_212' title='bbox 1832 2777 2074 2849; x_wconf 87' lang='lat' dir='ltr'><strong>ortum,</strong></span> <span class='ocrx_word' id='word_1_213' title='bbox 2128 2778 2339 2840; x_wconf 85' lang='lat' dir='ltr'><strong>tame-n</strong></span> <span class='ocrx_word' id='word_1_214' title='bbox 2388 2793 2579 2864; x_wconf 89' lang='lat' dir='ltr'><strong>prae-</strong></span> 
     </span>
     <span class='ocr_line' id='line_1_24' title="bbox 315 2875 2686 2968; baseline 0 -23"><span class='ocrx_word' id='word_1_215' title='bbox 315 2875 538 2968; x_wconf 82' lang='lat' dir='ltr'><strong>positio</strong></span> <span class='ocrx_word' id='word_1_216' title='bbox 595 2878 830 2946; x_wconf 80' lang='lat' dir='ltr'><strong>fectum</strong></span> <span class='ocrx_word' id='word_1_217' title='bbox 891 2887 1004 2946; x_wconf 88' lang='lat' dir='ltr'><strong>est.</strong></span> <span class='ocrx_word' id='word_1_218' title='bbox 1095 2880 1434 2947; x_wconf 86' lang='lat' dir='ltr'><strong>Praeterea</strong></span> <span class='ocrx_word' id='word_1_219' title='bbox 1492 2876 1835 2948; x_wconf 83' lang='lat' dir='ltr'><strong>notandum</strong></span> <span class='ocrx_word' id='word_1_220' title='bbox 1894 2875 2171 2957; x_wconf 85' lang='lat' dir='ltr'><strong>videtur,</strong></span> <span class='ocrx_word' id='word_1_221' title='bbox 2244 2876 2307 2944; x_wconf 89' lang='lat' dir='ltr'><strong>in</strong></span> <span class='ocrx_word' id='word_1_222' title='bbox 2369 2876 2579 2966; x_wconf 84' lang='lat' dir='ltr'><strong>lingua</strong></span> <span class='ocrx_word' id='word_1_223' title='bbox 2677 2910 2686 2919; x_wconf 45' lang='lat'><em>*</em></span> 
     </span>
     <span class='ocr_line' id='line_1_25' title="bbox 315 2980 2577 3076; baseline -0 -25"><span class='ocrx_word' id='word_1_224' title='bbox 315 2982 778 3075; x_wconf 76' lang='lat' dir='ltr'><strong>hierogiyphiea</strong></span> <span class='ocrx_word' id='word_1_225' title='bbox 827 2990 1082 3074; x_wconf 87' lang='lat' dir='ltr'><strong>praeter</strong></span> <span class='ocrx_word' id='word_1_226' title='bbox 1127 2981 1186 3049; x_wconf 93' lang='lat' dir='ltr'><strong>id</strong></span> <span class='ocrx_word' id='word_1_227' title='bbox 1229 2985 1308 3062; x_wconf 79' lang='lat' dir='ltr'><strong>N,</strong></span> <span class='ocrx_word' id='word_1_228' title='bbox 1355 2981 1524 3076; x_wconf 88' lang='lat' dir='ltr'><strong>quod</strong></span> <span class='ocrx_word' id='word_1_229' title='bbox 1567 3000 1751 3052; x_wconf 83' lang='lat' dir='ltr'><strong>casus</strong></span> <span class='ocrx_word' id='word_1_230' title='bbox 1793 2980 2042 3062; x_wconf 89' lang='lat' dir='ltr'><strong>indicet,</strong></span> <span class='ocrx_word' id='word_1_231' title='bbox 2088 2981 2344 3051; x_wconf 88' lang='lat' dir='ltr'><strong>inveniri</strong></span> <span class='ocrx_word' id='word_1_232' title='bbox 2384 3004 2577 3074; x_wconf 86' lang='lat' dir='ltr'><strong>prae-</strong></span> 
     </span>
     <span class='ocr_line' id='line_1_26' title="bbox 316 3086 2577 3180; baseline 0 -24"><span class='ocrx_word' id='word_1_233' title='bbox 316 3087 690 3180; x_wconf 81' lang='lat' dir='ltr'><strong>positionem</strong></span> <span class='ocrx_word' id='word_1_234' title='bbox 723 3089 852 3162; x_wconf 76' lang='lat' dir='ltr'><strong>h⁶m</strong></span> <span class='ocrx_word' id='word_1_235' title='bbox 888 3097 954 3156; x_wconf 87' lang='lat' dir='ltr'><strong>et</strong></span> <span class='ocrx_word' id='word_1_236' title='bbox 989 3086 1234 3178; x_wconf 83' lang='lat' dir='ltr'><strong>abjecto</strong></span> <span class='ocrx_word' id='word_1_237' title='bbox 1273 3087 1496 3180; x_wconf 88' lang='lat' dir='ltr'><strong>spiritu</strong></span> <span class='ocrx_word' id='word_1_238' title='bbox 1515 3101 1625 3168; x_wconf 73' lang='lat' dir='ltr'><strong>⁰m‚</strong></span> <span class='ocrx_word' id='word_1_239' title='bbox 1649 3086 1816 3180; x_wconf 85' lang='lat' dir='ltr'><strong>quod</strong></span> <span class='ocrx_word' id='word_1_240' title='bbox 1846 3087 2100 3156; x_wconf 88' lang='lat' dir='ltr'><strong>minime</strong></span> <span class='ocrx_word' id='word_1_241' title='bbox 2128 3110 2209 3156; x_wconf 85' lang='lat' dir='ltr'><strong>ex</strong></span> <span class='ocrx_word' id='word_1_242' title='bbox 2230 3091 2289 3157; x_wconf 88' lang='lat' dir='ltr'>N</span> <span class='ocrx_word' id='word_1_243' title='bbox 2328 3087 2577 3180; x_wconf 86' lang='lat' dir='ltr'><strong>eupho-</strong></span> 
     </span>
     <span class='ocr_line' id='line_1_27' title="bbox 314 3193 2577 3274; baseline 0 -12"><span class='ocrx_word' id='word_1_244' title='bbox 314 3195 452 3264; x_wconf 89' lang='lat' dir='ltr'><strong>nice</strong></span> <span class='ocrx_word' id='word_1_245' title='bbox 499 3203 718 3264; x_wconf 86' lang='lat' dir='ltr'><strong>ortum</strong></span> <span class='ocrx_word' id='word_1_246' title='bbox 757 3202 884 3274; x_wconf 73' lang='grc' dir='ltr'><strong>θεὶς</strong></span> <span class='ocrx_word' id='word_1_247' title='bbox 944 3215 1088 3263; x_wconf 82' lang='lat' dir='ltr'><strong>nam</strong></span> <span class='ocrx_word' id='word_1_248' title='bbox 1135 3200 1280 3262; x_wconf 89' lang='lat' dir='ltr'><strong>ante</strong></span> <span class='ocrx_word' id='word_1_249' title='bbox 1327 3215 1549 3264; x_wconf 89' lang='lat' dir='ltr'><strong>omnes</strong></span> <span class='ocrx_word' id='word_1_250' title='bbox 1595 3202 2013 3264; x_wconf 84' lang='lat' dir='ltr'><strong>consonantes</strong></span> <span class='ocrx_word' id='word_1_251' title='bbox 2059 3205 2185 3261; x_wconf 81' lang='lat' dir='ltr'><strong>non·</strong></span> <span class='ocrx_word' id='word_1_252' title='bbox 2212 3193 2435 3262; x_wconf 81' lang='lat' dir='ltr'><strong>‘solum</strong></span> <span class='ocrx_word' id='word_1_253' title='bbox 2479 3194 2577 3262; x_wconf 83' lang='lat' dir='ltr'><strong>la-</strong></span> 
     </span>
     <span class='ocr_line' id='line_1_28' title="bbox 315 3294 2573 3391; baseline -0.001 -23"><span class='ocrx_word' id='word_1_254' title='bbox 315 3297 510 3368; x_wconf 85' lang='lat' dir='ltr'><strong>biales</strong></span> <span class='ocrx_word' id='word_1_255' title='bbox 539 3294 868 3371; x_wconf 61' lang='lat' dir='ltr'><strong>inveniturss</strong></span> <span class='ocrx_word' id='word_1_256' title='bbox 927 3302 1070 3369; x_wconf 89' lang='lat' dir='ltr'><strong>Hoc</strong></span> <span class='ocrx_word' id='word_1_257' title='bbox 1115 3311 1202 3366; x_wconf 75' lang='lat' dir='ltr'><strong>‘m</strong></span> <span class='ocrx_word' id='word_1_258' title='bbox 1247 3320 1286 3364; x_wconf 88' lang='lat' dir='ltr'><strong>a</strong></span> <span class='ocrx_word' id='word_1_259' title='bbox 1333 3297 1550 3391; x_wconf 84' lang='lat' dir='ltr'><strong>Coptis</strong></span> <span class='ocrx_word' id='word_1_260' title='bbox 1597 3297 1988 3370; x_wconf 67' lang='lat' dir='ltr'><strong>debilitatum⁴</strong></span> <span class='ocrx_word' id='word_1_261' title='bbox 2032 3313 2101 3368; x_wconf 76' lang='lat' dir='ltr'><strong>‘n</strong></span> <span class='ocrx_word' id='word_1_262' title='bbox 2149 3302 2290 3384; x_wconf 87' lang='lat' dir='ltr'><strong>(N)</strong></span> <span class='ocrx_word' id='word_1_263' title='bbox 2337 3300 2573 3368; x_wconf 86' lang='lat' dir='ltr'><strong>factum</strong></span> 
     </span>
     <span class='ocr_line' id='line_1_29' title="bbox 315 3404 2574 3500; baseline 0.001 -28"><span class='ocrx_word' id='word_1_264' title='bbox 315 3427 390 3472; x_wconf 89' lang='lat' dir='ltr'><strong>ac</strong></span> <span class='ocrx_word' id='word_1_265' title='bbox 437 3427 582 3473; x_wconf 87' lang='lat' dir='ltr'><strong>cum</strong></span> <span class='ocrx_word' id='word_1_266' title='bbox 626 3405 728 3474; x_wconf 81' lang='lat' dir='ltr'><strong>ina</strong></span> <span class='ocrx_word' id='word_1_267' title='bbox 775 3407 982 3500; x_wconf 86' lang='lat' dir='ltr'><strong>priore</strong></span> <span class='ocrx_word' id='word_1_268' title='bbox 1029 3412 1240 3498; x_wconf 78' lang='lat' dir='ltr'><strong>praep.</strong></span> <span class='ocrx_word' id='word_1_269' title='bbox 1287 3418 1388 3486; x_wconf 70' lang='grc' dir='ltr'><strong>ἠ,</strong></span> <span class='ocrx_word' id='word_1_270' title='bbox 1433 3427 1600 3498; x_wconf 88' lang='lat' dir='ltr'><strong>quae</strong></span> <span class='ocrx_word' id='word_1_271' title='bbox 1646 3405 1709 3476; x_wconf 85' lang='lat' dir='ltr'><strong>in</strong></span> <span class='ocrx_word' id='word_1_272' title='bbox 1758 3404 2181 3497; x_wconf 73' lang='lat' dir='ltr'><strong>hieroglyphis</strong></span> <span class='ocrx_word' id='word_1_273' title='bbox 2238 3405 2429 3480; x_wconf 87' lang='lat' dir='ltr'><strong>etiam</strong></span> <span class='ocrx_word' id='word_1_274' title='bbox 2472 3406 2574 3475; x_wconf 89' lang='lat' dir='ltr'><strong>in-</strong></span> 
     </span>
     <span class='ocr_line' id='line_1_30' title="bbox 313 3509 2574 3603; baseline 0 -24"><span class='ocrx_word' id='word_1_275' title='bbox 313 3512 593 3592; x_wconf 82' lang='lat' dir='ltr'><strong>venitur,</strong></span> <span class='ocrx_word' id='word_1_276' title='bbox 651 3514 980 3582; x_wconf 85' lang='lat' dir='ltr'><strong>confusum</strong></span> <span class='ocrx_word' id='word_1_277' title='bbox 1039 3509 1305 3582; x_wconf 85' lang='lat' dir='ltr'><strong>videtur.</strong></span> <span class='ocrx_word' id='word_1_278' title='bbox 1398 3510 1642 3592; x_wconf 85' lang='lat' dir='ltr'><strong>Quodsi</strong></span> <span class='ocrx_word' id='word_1_279' title='bbox 1686 3512 1806 3580; x_wconf 90' lang='lat' dir='ltr'><strong>hoc</strong></span> <span class='ocrx_word' id='word_1_280' title='bbox 1848 3525 1939 3592; x_wconf 59' lang='grc' dir='ltr'><strong>θη,</strong></span> <span class='ocrx_word' id='word_1_281' title='bbox 1984 3509 2151 3603; x_wconf 92' lang='lat' dir='ltr'><strong>quod</strong></span> <span class='ocrx_word' id='word_1_282' title='bbox 2199 3509 2261 3578; x_wconf 91' lang='lat' dir='ltr'><strong>in</strong></span> <span class='ocrx_word' id='word_1_283' title='bbox 2310 3512 2574 3602; x_wconf 71' lang='lat' dir='ltr'><strong>hier-ogi.</strong></span> 
     </span>
     <span class='ocr_line' id='line_1_31' title="bbox 314 3614 2573 3710; baseline -0.002 -26"><span class='ocrx_word' id='word_1_284' title='bbox 314 3615 590 3686; x_wconf 88' lang='lat' dir='ltr'><strong>dativum</strong></span> <span class='ocrx_word' id='word_1_285' title='bbox 639 3617 918 3697; x_wconf 88' lang='lat' dir='ltr'><strong>denotat,</strong></span> <span class='ocrx_word' id='word_1_286' title='bbox 962 3615 1028 3685; x_wconf 86' lang='lat' dir='ltr'><strong>in</strong></span> <span class='ocrx_word' id='word_1_287' title='bbox 1077 3616 1340 3710; x_wconf 87' lang='lat' dir='ltr'><strong>Coptica</strong></span> <span class='ocrx_word' id='word_1_288' title='bbox 1385 3615 1597 3705; x_wconf 84' lang='lat' dir='ltr'><strong>lingua</strong></span> <span class='ocrx_word' id='word_1_289' title='bbox 1646 3615 1769 3686; x_wconf 81' lang='lat' dir='ltr'><strong>dat.</strong></span> <span class='ocrx_word' id='word_1_290' title='bbox 1818 3625 1885 3686; x_wconf 90' lang='lat' dir='ltr'><strong>et</strong></span> <span class='ocrx_word' id='word_1_291' title='bbox 1928 3639 2057 3686; x_wconf 87' lang='lat' dir='ltr'><strong>acc.</strong></span> <span class='ocrx_word' id='word_1_292' title='bbox 2104 3621 2261 3700; x_wconf 85' lang='lat' dir='ltr'><strong>(acc.</strong></span> <span class='ocrx_word' id='word_1_293' title='bbox 2308 3615 2371 3686; x_wconf 88' lang='lat' dir='ltr'><strong>in</strong></span> <span class='ocrx_word' id='word_1_294' title='bbox 2419 3614 2573 3685; x_wconf 87' lang='lat' dir='ltr'><strong>hier.</strong></span> 
     </span>
     <span class='ocr_line' id='line_1_32' title="bbox 315 3717 2573 3815; baseline -0 -25"><span class='ocrx_word' id='word_1_295' title='bbox 315 3745 440 3791; x_wconf 87' lang='lat' dir='ltr'><strong>non</strong></span> <span class='ocrx_word' id='word_1_296' title='bbox 489 3720 682 3790; x_wconf 85' lang='lat' dir='ltr'><strong>habet</strong></span> <span class='ocrx_word' id='word_1_297' title='bbox 725 3724 1004 3814; x_wconf 85' lang='lat' dir='ltr'><strong>signum)</strong></span> <span class='ocrx_word' id='word_1_298' title='bbox 1052 3745 1134 3792; x_wconf 84' lang='lat' dir='ltr'><strong>ex</strong></span> <span class='ocrx_word' id='word_1_299' title='bbox 1179 3722 1547 3815; x_wconf 85' lang='lat' dir='ltr'><strong>pronomine</strong></span> <span class='ocrx_word' id='word_1_300' title='bbox 1605 3733 1815 3796; x_wconf 84' lang='lat' dir='ltr'><strong>ortum</strong></span> <span class='ocrx_word' id='word_1_301' title='bbox 1874 3717 1985 3792; x_wconf 84' lang='lat' dir='ltr'><strong>sed</strong></span> <span class='ocrx_word' id='word_1_302' title='bbox 2043 3743 2389 3815; x_wconf 86' lang='lat' dir='ltr'><strong>pronomen</strong></span> <span class='ocrx_word' id='word_1_303' title='bbox 2450 3743 2573 3790; x_wconf 90' lang='lat' dir='ltr'><strong>non</strong></span> 
     </span>
     <span class='ocr_line' id='line_1_33' title="bbox 315 3827 2573 3922; baseline 0.001 -27"><span class='ocrx_word' id='word_1_304' title='bbox 315 3849 454 3896; x_wconf 82' lang='lat' dir='ltr'><strong>esse</strong></span> <span class='ocrx_word' id='word_1_305' title='bbox 499 3837 673 3918; x_wconf 85' lang='lat' dir='ltr'><strong>puto,</strong></span> <span class='ocrx_word' id='word_1_306' title='bbox 720 3827 870 3897; x_wconf 79' lang='lat' dir='ltr'><strong>iliud</strong></span> <span class='ocrx_word' id='word_1_307' title='bbox 915 3829 1064 3908; x_wconf 63' lang='lat' dir='ltr'><strong>hm,</strong></span> <span class='ocrx_word' id='word_1_308' title='bbox 1109 3843 1218 3910; x_wconf 78' lang='lat' dir='ltr'><strong>⁶m‚</strong></span> <span class='ocrx_word' id='word_1_309' title='bbox 1267 3836 1332 3898; x_wconf 92' lang='lat' dir='ltr'><strong>et</strong></span> <span class='ocrx_word' id='word_1_310' title='bbox 1377 3828 1543 3922; x_wconf 89' lang='lat' dir='ltr'><strong>quod</strong></span> <span class='ocrx_word' id='word_1_311' title='bbox 1591 3829 1651 3898; x_wconf 88' lang='lat' dir='ltr'><strong>in</strong></span> <span class='ocrx_word' id='word_1_312' title='bbox 1698 3829 1880 3921; x_wconf 87' lang='lat' dir='ltr'><strong>Copt.</strong></span> <span class='ocrx_word' id='word_1_313' title='bbox 1927 3827 2134 3918; x_wconf 82' lang='lat' dir='ltr'><strong>lingua</strong></span> <span class='ocrx_word' id='word_1_314' title='bbox 2182 3851 2265 3896; x_wconf 85' lang='lat' dir='ltr'><strong>ex</strong></span> <span class='ocrx_word' id='word_1_315' title='bbox 2310 3850 2391 3897; x_wconf 90' lang='lat' dir='ltr'><strong>eo</strong></span> <span class='ocrx_word' id='word_1_316' title='bbox 2436 3828 2573 3897; x_wconf 86' lang='lat' dir='ltr'><strong>fac-</strong></span> 
     </span>
     <span class='ocr_line' id='line_1_34' title="bbox 311 3932 2567 4027; baseline -0 -24"><span class='ocrx_word' id='word_1_317' title='bbox 311 3941 446 4003; x_wconf 79' lang='lat' dir='ltr'><strong>tum</strong></span> <span class='ocrx_word' id='word_1_318' title='bbox 493 3932 738 4002; x_wconf 86' lang='lat' dir='ltr'><strong>videtur</strong></span> <span class='ocrx_word' id='word_1_319' title='bbox 781 3949 849 4005; x_wconf 79' lang='lat' dir='ltr'><strong>‘n</strong></span> <span class='ocrx_word' id='word_1_320' title='bbox 907 3958 992 4004; x_wconf 83' lang='lat' dir='ltr'><strong>ex</strong></span> <span class='ocrx_word' id='word_1_321' title='bbox 1037 3957 1214 4027; x_wconf 86' lang='lat' dir='ltr'><strong>pron.</strong></span> <span class='ocrx_word' id='word_1_322' title='bbox 1263 3944 1472 4004; x_wconf 88' lang='lat' dir='ltr'><strong>ortum</strong></span> <span class='ocrx_word' id='word_1_323' title='bbox 1531 3957 1671 4004; x_wconf 87' lang='lat' dir='ltr'><strong>esse</strong></span> <span class='ocrx_word' id='word_1_324' title='bbox 1728 3933 1939 4004; x_wconf 87' lang='lat' dir='ltr'><strong>dicere</strong></span> <span class='ocrx_word' id='word_1_325' title='bbox 1986 3957 2109 4002; x_wconf 90' lang='lat' dir='ltr'><strong>non</strong></span> <span class='ocrx_word' id='word_1_326' title='bbox 2166 3955 2441 4025; x_wconf 82' lang='lat' dir='ltr'><strong>possum.</strong></span> <span class='ocrx_word' id='word_1_327' title='bbox 2490 3975 2567 3986; x_wconf 90' lang='lat'><em>-</em></span> 
     </span>
     <span class='ocr_line' id='line_1_35' title="bbox 312 4039 2571 4131; baseline -0 -23"><span class='ocrx_word' id='word_1_328' title='bbox 312 4042 408 4108; x_wconf 89' lang='lat' dir='ltr'><strong>Ac</strong></span> <span class='ocrx_word' id='word_1_329' title='bbox 452 4039 635 4130; x_wconf 85' lang='lat' dir='ltr'><strong>plane</strong></span> <span class='ocrx_word' id='word_1_330' title='bbox 682 4040 858 4108; x_wconf 83' lang='lat' dir='ltr'><strong>simili</strong></span> <span class='ocrx_word' id='word_1_331' title='bbox 903 4040 1094 4109; x_wconf 90' lang='lat' dir='ltr'><strong>modo</strong></span> <span class='ocrx_word' id='word_1_332' title='bbox 1143 4061 1284 4108; x_wconf 89' lang='lat' dir='ltr'><strong>sese</strong></span> <span class='ocrx_word' id='word_1_333' title='bbox 1331 4062 1434 4107; x_wconf 87' lang='lat' dir='ltr'><strong>res</strong></span> <span class='ocrx_word' id='word_1_334' title='bbox 1484 4039 1707 4119; x_wconf 88' lang='lat' dir='ltr'><strong>habet,</strong></span> <span class='ocrx_word' id='word_1_335' title='bbox 1755 4061 1947 4131; x_wconf 88' lang='lat' dir='ltr'><strong>quum</strong></span> <span class='ocrx_word' id='word_1_336' title='bbox 1995 4061 2212 4131; x_wconf 87' lang='lat' dir='ltr'><strong>praep.</strong></span> <span class='ocrx_word' id='word_1_337' title='bbox 2260 4045 2308 4112; x_wconf 76' lang='lat' dir='ltr'>E</span> <span class='ocrx_word' id='word_1_338' title='bbox 2356 4041 2571 4108; x_wconf 89' lang='lat' dir='ltr'><strong>consi-</strong></span> 
     </span>
     <span class='ocr_line' id='line_1_36' title="bbox 313 4143 2573 4238; baseline 0 -25"><span class='ocrx_word' id='word_1_339' title='bbox 313 4143 632 4226; x_wconf 84' lang='lat' dir='ltr'><strong>deremus,</strong></span> <span class='ocrx_word' id='word_1_340' title='bbox 679 4167 866 4237; x_wconf 85' lang='lat' dir='ltr'><strong>quam</strong></span> <span class='ocrx_word' id='word_1_341' title='bbox 911 4146 1123 4216; x_wconf 83' lang='lat' dir='ltr'><strong>Schw.</strong></span> <span class='ocrx_word' id='word_1_342' title='bbox 1173 4144 1318 4216; x_wconf 87' lang='lat' dir='ltr'><strong>nihil</strong></span> <span class='ocrx_word' id='word_1_343' title='bbox 1368 4143 1530 4214; x_wconf 87' lang='lat' dir='ltr'><strong>aliud</strong></span> <span class='ocrx_word' id='word_1_344' title='bbox 1579 4167 1720 4214; x_wconf 84' lang='lat' dir='ltr'><strong>esse</strong></span> <span class='ocrx_word' id='word_1_345' title='bbox 1765 4144 2406 4238; x_wconf 53' lang='lat' dir='ltr'><strong>statuit,‚nisi·pron.</strong></span> <span class='ocrx_word' id='word_1_346' title='bbox 2454 4145 2573 4215; x_wconf 83' lang='lat' dir='ltr'><strong>rel.</strong></span> 
     </span>
     <span class='ocr_line' id='line_1_37' title="bbox 313 4249 2575 4342; baseline -0.002 -19"><span class='ocrx_word' id='word_1_347' title='bbox 313 4265 358 4323; x_wconf 82' lang='lat' dir='ltr'>E</span> <span class='ocrx_word' id='word_1_348' title='bbox 387 4301 404 4330; x_wconf 87' lang='lat'><strong>‚</strong></span> <span class='ocrx_word' id='word_1_349' title='bbox 451 4251 536 4318; x_wconf 90' lang='lat' dir='ltr'><strong>ita</strong></span> <span class='ocrx_word' id='word_1_350' title='bbox 585 4259 654 4318; x_wconf 89' lang='lat' dir='ltr'><strong>ut</strong></span> <span class='ocrx_word' id='word_1_351' title='bbox 699 4252 746 4323; x_wconf 74' lang='lat' dir='ltr'>E</span> <span class='ocrx_word' id='word_1_352' title='bbox 783 4255 899 4322; x_wconf 63' lang='lat' dir='ltr'><strong>Z‘O’</strong></span> <span class='ocrx_word' id='word_1_353' title='bbox 927 4251 997 4319; x_wconf 76' lang='lat' dir='ltr'><strong>in</strong></span> <span class='ocrx_word' id='word_1_354' title='bbox 1045 4252 1248 4342; x_wconf 78' lang='lat' dir='ltr'><strong>capite</strong></span> <span class='ocrx_word' id='word_1_355' title='bbox 1293 4252 1506 4320; x_wconf 82' lang='lat' dir='ltr'><strong>vertit:</strong></span> <span class='ocrx_word' id='word_1_356' title='bbox 1552 4253 1735 4342; x_wconf 76' lang='lat' dir='ltr'><strong>quod</strong></span> <span class='ocrx_word' id='word_1_357' title='bbox 1780 4250 1988 4340; x_wconf 74' lang='lat' dir='ltr'><strong>capiti.</strong></span> <span class='ocrx_word' id='word_1_358' title='bbox 2060 4249 2189 4318; x_wconf 86' lang='lat' dir='ltr'><strong>Sed</strong></span> <span class='ocrx_word' id='word_1_359' title='bbox 2238 4251 2443 4318; x_wconf 80' lang='lat' dir='ltr'><strong>nuilus</strong></span> <span class='ocrx_word' id='word_1_360' title='bbox 2474 4258 2575 4319; x_wconf 87' lang='lat' dir='ltr'><strong>est</strong></span> 
     </span>
     <span class='ocr_line' id='line_1_38' title="bbox 313 4351 2573 4449; baseline 0 -25"><span class='ocrx_word' id='word_1_361' title='bbox 313 4377 650 4448; x_wconf 73' lang='lat' dir='ltr'><strong>expressus</strong></span> <span class='ocrx_word' id='word_1_362' title='bbox 696 4354 952 4427; x_wconf 79' lang='lat' dir='ltr'><strong>dativus.</strong></span> <span class='ocrx_word' id='word_1_363' title='bbox 1045 4358 1092 4430; x_wconf 70' lang='grc' dir='ltr'>Ε</span> <span class='ocrx_word' id='word_1_364' title='bbox 1133 4351 1346 4428; x_wconf 80' lang='lat' dir='ltr'><strong>autem</strong></span> <span class='ocrx_word' id='word_1_365' title='bbox 1397 4379 1448 4426; x_wconf 60' lang='lat' dir='ltr'><strong>e»</strong></span> <span class='ocrx_word' id='word_1_366' title='bbox 1479 4355 1942 4449; x_wconf 85' lang='lat' dir='ltr'><strong>praepositione</strong></span> <span class='ocrx_word' id='word_1_367' title='bbox 1990 4354 2458 4448; x_wconf 77' lang='lat' dir='ltr'><strong>hieroglyphice</strong></span> <span class='ocrx_word' id='word_1_368' title='bbox 2506 4377 2573 4424; x_wconf 76' lang='lat' dir='ltr'><strong>er</strong></span> 
     </span>
    </p>
   </div>
   <div class='ocr_carea' id='block_1_3' title="bbox 314 4460 2572 4634">
    <p class='ocr_par' dir='ltr' id='par_1_3' title="bbox 314 4460 2572 4634">
     <span class='ocr_line' id='line_1_39' title="bbox 314 4460 2572 4634; baseline 0 -104"><span class='ocrx_word' id='word_1_369' title='bbox 314 4469 410 4531; x_wconf 80' lang='lat' dir='ltr'><strong>est</strong></span> <span class='ocrx_word' id='word_1_370' title='bbox 467 4461 836 4536; x_wconf 76' lang='lat' dir='ltr'><strong>mutilatum.</strong></span> <span class='ocrx_word' id='word_1_371' title='bbox 933 4463 1140 4556; x_wconf 86' lang='lat' dir='ltr'><strong>Saepe</strong></span> <span class='ocrx_word' id='word_1_372' title='bbox 1213 4463 1379 4533; x_wconf 88' lang='lat' dir='ltr'><strong>enim</strong></span> <span class='ocrx_word' id='word_1_373' title='bbox 1439 4462 1623 4559; x_wconf 85' lang='lat' dir='ltr'><strong>Copti</strong></span> <span class='ocrx_word' id='word_1_374' title='bbox 1681 4486 1717 4530; x_wconf 90' lang='lat' dir='ltr'><strong>r</strong></span> <span class='ocrx_word' id='word_1_375' title='bbox 1774 4461 1960 4533; x_wconf 81' lang='lat' dir='ltr'><strong>finale</strong></span> <span class='ocrx_word' id='word_1_376' title='bbox 2038 4460 2434 4634; x_wconf 40' lang='lat' dir='ltr'><strong>abiecerunt,</strong></span> <span class='ocrx_word' id='word_1_377' title='bbox 2504 4471 2572 4530; x_wconf 83' lang='lat' dir='ltr'><strong>nt</strong></span> 
     </span>
    </p>
   </div>
  </div>
 </body>
</html>
