3225 5259
1443 326 1587 403 97'

352 526 506 608 Sed,
553 534 626 595 ut
663 527 794 618 jam
841 526 1080 597 dietum
1129 540 1258 611 est,
1305 529 1585 622 quamvis
1632 552 1772 598 eam
1820 553 2006 623 quam
2054 528 2348 623 tanquam
2395 532 2611 605 dotem

347 634 410 701 in
469 632 716 723 origine
775 643 1156 727 aeceperunt
1211 634 1536 705 relationis
1593 634 1983 705 debilitatem
2044 635 2298 706 minime
2354 640 2613 713 omnino

347 739 640 821 vicerint,
695 750 910 811 tamen
957 742 1156 811 multo
1215 740 1508 811 liberiore
1565 740 1627 809 in
1685 741 2088 835 exprimenda
2134 742 2443 815 relatione
2492 768 2611 819 usu

344 868 535 938 quam
581 844 889 915 Manz‘uri
937 858 1006 915 et
1045 847 1331 939 Mangoli
1379 846 1679 938 gaudent.

521 952 684 1020 Nam
729 953 923 1021 Turci
969 951 1230 1023 relativo
1275 976 1389 1021 suo
1433 953 1502 1021 ki
1541 953 1901 1046 proximum
1950 953 2135 1023 eliam
2182 955 2452 1046 gradum
2499 980 2611 1027 as-

344 1056 544 1167 secuti
591 1068 760 1137 sunt,
807 1081 997 1151 quem
1043 1058 1382 1152 praecipue
1429 1058 1614 1154 Copti
1664 1068 1731 1129 et
1775 1058 2055 1131 Hebraei
2112 1072 2440 1156 occupant.
2534 1062 2619 1137 ld

345 1162 510 1230 enim
565 1162 736 1255 quod
783 1165 1198 1234 Vasconicum
1246 1188 1292 1232 n
1349 1162 1565 1233 deficit
1618 1164 1791 1258 quod
1854 1166 2323 1237 enunciationes
2380 1192 2647 1263 parum.

342 1268 508 1358 regit
551 1277 618 1339 et
662 1270 934 1363 subjicit,
989 1272 1052 1339 in
1099 1269 1469 1359 hisdinguis
1517 1293 1595 1340 eo
1644 1270 1895 1341 additur
1938 1271 2108 1367 quod
2156 1274 2409 1345 relativa
2457 1284 2612 1345 aunt

340 1373 589 1464 integra
636 1375 824 1445 verba
843 1427 868 1459 ,-
919 1400 1084 1470 quae
1145 1374 1657 1445 enunciationem
1701 1376 2264 1457 ‚subordinatarum
2324 1380 2609 1451 efficiunt

340 1488 603 1571 partem.
693 1482 906 1576 Atque
953 1482 1155 1553 Hebr.
1205 1475 1386 1576 Ἶῐᾷζξ
1439 1479 1633 1565 ἅσέν,
1688 1484 1875 1577 Copt.
1931 1486 2077 1557 ΕΤΕ
2134 1483 2403 1576 primum
2449 1509 2607 1579 pro-

340 1608 568 1674 nomen
625 1586 954 1661 relativum
1011 1590 1338 1659 nominare
1394 1611 1746 1683 possumus.
1848 1588 1979 1658 Sed
2036 1599 2259 1660 carent
2312 1589 2443 1683 ipsa
2498 1615 2609 1660 ra·-

339 1690 615 1774 tionum‚
677 1716 832 1787 quas
887 1695 967 1764 ad
1026 1694 1334 1765 substant.
1389 1704 1460 1765 et
1514 1695 1588 1763 in.
1650 1696 2095 1765 enunciatioae
2160 1718 2273 1765 sua
2344 1696 2605 1778 habent,

339 1798 529 1890 signis
577 1807 644 1869 et
691 1800 890 1891 magis
947 1800 1176 1871 nostris
1233 1803 1420 1881 dass,
1477 1802 1659 1893 quod
1716 1810 1887 1889 auat⁴
1922 1799 2165 1871 similia.
2258 1803 2424 1871 Nam
2483 1802 2605 1873 hae

337 1904 594 1997 linguae
647 1904 1020 1999 imperfecte
1085 1915 1330 1977 tannim
1401 1907 1675 1977 nomina-
1710 1906 1976 1980 flectunt
2002 1959 2021 1988 ,
2098 1912 2165 1975 et
2230 1907 2605 1979 attributum

339 2011 529 2081 etiam
575 2011 744 2104 apud
792 2015 1034 2083 Tureos
1090 2021 1155 2081 et
1195 2015 1432 2107 Coptos
1486 2012 1745 2109 quidem
1802 2036 1927 2083 non
1985 2034 2137 2083 vere
2191 2013 2471 2083 refertur
2524 2013 2607 2085 ad

337 2118 816 2225 substantivum·
841 2118 1312 2219 congruentiae·
1347 2120 1580 2210 signa·
1643 2120 1867 2212 Itaque
1910 2141 2111 2213 quum
2154 2142 2270 2189 nos
2316 2130 2605 2190 mutuam

335 2246 500 2318 quae
547 2223 712 2293 inter
759 2225 1218 2295 substantivum
1263 2236 1332 2295 et
1375 2224 1797 2296 attributivam
1846 2225 2351 2319 epunoiationem
2396 2228 2601 2315 iuter-5

335 2329 522 2400 cedat
563 2330 875 2400 rationem
921 2332 1050 2400 sola
1093 2319 1350 2401 relativi·
1381 2330 1661 2403 flexione
1708 2331 2152 2430 exprimamus,
2196 2332 2280 2401 ita
2328 2344 2399 2401 ut
2442 2356 2605 2427 pro·-

335 2436 601 2520 nominis
648 2435 885 2506 relativi
935 2459 1176 2527 genere
1223 2447 1290 2507 et
1335 2457 1602 2511 numero
1648 2436 2006 2505 attributiva
2040 2438 2493 2509 enunciatiom's
2524 2438 2601 2509 ad

314 2542 790 2613 ‚substantivum
833 2542 1080 2623 relatio,
1127 2543 1262 2634 ejus
1305 2566 1459 2615 casu
1503 2554 1719 2613 autem
1766 2541 2135 2613 substantivi
2184 2542 2245 2611 in
2294 2544 2601 2614 enuncia-

333 2650 511 2719 tione
581 2646 854 2732 conditio
909 2646 1256 2730 indicetur,
1325 2660 1516 2744 atque
1587 2650 1670 2717 ita
1740 2648 1941 2741 ipsum
2021 2648 2478 2719 substantivum
2536 2651 2601 2721 in

335 2754 772 2825 enunciatione
815 2754 1073 2825 relativa
1122 2756 1366 2825 formali
1422 2754 1661 2827 relativi
1718 2755 1891 2824 exitu
1948 2755 2349 2847 suppleatur:
2408 2755 2605 2827 Turni

333 2860 588 2956 quidem
648 2860 908 2930 relativo
965 2884 1083 2929 suo
1141 2862 1207 2930 ki
1273 2882 1512 2932 meram
1579 2860 1947 2931 relationem
2018 2871 2084 2931 et
2148 2862 2603 2933 enunciationis

333 2966 788 3059 subjectionem
846 2964 1151 3047 indicant,
1219 2967 1641 3038 attributivam
1711 2976 1923 3037 autem
1982 2967 2101 3037 vim
2156 2969 2413 3039 omnino
2472 2990 2601 3039 nou

332 3073 670 3155 denotant,
733 3071 997 3143 nominis
1044 3071 1320 3167 denique
1379 3074 1440 3142 in
1490 3072 1932 3143 enunciatione
1978 3074 2235 3145 relativa
2288 3075 2601 3147 rationem

333 3181 415 3249 ita
462 3179 862 3275 exprimunt,
917 3190 994 3251 ut
1047 3179 1310 3250 relativo
1365 3180 1432 3249 ki
1487 3179 2047 3249 demonstrativum
2109 3179 2373 3263 addant,
2430 3180 2601 3279 quod

332 3284 682 3379 declinent,
739 3308 994 3391 quoque
1051 3310 1280 3356 nomen
1333 3286 1594 3379 proprie
1654 3309 1727 3355 ac
1786 3285 2192 3370 materialiter
2236 3287 2601 3381 suppleant:

329 3415 385 3461 v,
411 3414 474 3483 g.
519 3416 634 3486 pro
677 3390 868 3487 majus‘
896 3393 1133 3465 ‘dicunt
1161 3392 1354 3465 Turci
1399 3396 1536 3473 &t
1591 3400 1712 3511 QX
1758 3393 1821 3461 ki
1858 3415 2041 3461 amm
2088 3393 2373 3486 proprie:
2422 3396 2603 3485 quod

330 3496 492 3589 ejus.
541 3536 622 3549 -——
673 3500 888 3595 Atque
931 3500 1102 3569 idem
1149 3501 1284 3569 fere
1329 3498 1414 3568 de
1463 3499 1725 3591 Coptica
1776 3507 1844 3567 et
1870 3497 2179 3567 Semiticis
2224 3499 2449 3589 linguis
2496 3499 2595 3567 di·-

332 3603 601 3684 cendum
647 3616 764 3675 est.
855 3604 982 3675 Sed
1029 3604 1078 3673 si
1125 3604 1315 3675 Turci
1361 3604 1693 3675 accusandi
1740 3604 2101 3684 videantur,
2149 3604 2317 3698 quod
2364 3605 2595 3673 forma—

329 3710 452 3778 lem
499 3712 808 3781 rationem
857 3710 1268 3780 materialiter
1313 3734 1387 3780 ao
1431 3706 1625 3780 modo
1672 3710 2013 3802 paullulum
2046 3709 2187 3779 rudi
2218 3709 2599 3803 exprimant,

331 3816 515 3907 Copti
563 3826 634 3885 et
677 3816 924 3897 Semiti‚
969 3827 1044 3886 ut
1088 3840 1340 3911 semper
1385 3817 1923 3909 Indo-europaeis
1966 3808 2117 3887 sunt
2160 3815 2448 3911 proximi,
2495 3816 2599 3886 hie

327 3943 581 4016 quoque
627 3922 828 3991 multo
873 3923 1236 3994 subtiliores
1293 3934 1442 4003 sunt
1491 3918 1799 3992 habendi.
1891 3926 2055 3993 Nam
2108 3923 2387 4017 quamvis
2432 3946 2594 3993 eou-

327 4026 686 4097 cedendum
733 4030 832 4109 sit,
883 4052 1014 4111 eos,
1063 4052 1259 4124 quum
1305 4032 1368 4098 in
1415 4029 1675 4099 relativo
1721 4052 1839 4099 nee
1872 4052 2075 4119 genus
2108 4049 2227 4098 nee
2258 4050 2597 4097 numerum

324 4133 632 4214 indicent,
681 4135 1111 4206 attributivam
1155 4136 1733 4229 rationemparum
1782 4136 2175 4229 exprimere,
2230 4142 2445 4223 tamen
2494 4134 2594 4204 al-

323 4250 532 4309 terum
580 4236 830 4322 vitium,
887 4241 1057 4335 quod
1104 4242 1254 4337 quid
1301 4243 1566 4313 formale
1611 4243 2018 4313 materialiter
2066 4240 2462 4335 exprimant,
2519 4238 2595 4309 iis

326 4366 452 4415 non
513 4342 832 4437 objiaeiun,
915 4348 1078 4418 Nam
1135 4347 1398 4433 nominis
1457 4348 1520 4420 in
1577 4348 2025 4419 enunciatione
2076 4346 2334 4419 relativa
2388 4346 2593 4425 ratio-

327 4474 474 4521 nem
519 4474 642 4521 non
693 4452 979 4523 absoluto
1027 4452 1534 4546 demonstrativo,
1579 4465 1653 4525 ut
1684 4455 1901 4540 Tui-ei,-
1944 4456 2057 4527 sed
2098 4452 2291 4523 affixo
2320 4450 2593 4548 quodam

1305 4578 1312 4583 ,
1941 4582 1945 4586 ,
2104 4560 2141 4626 7
