<?xml version="1.0" encoding="UTF-8"?>
<!DOCTYPE html PUBLIC "-//W3C//DTD XHTML 1.0 Transitional//EN"
    "http://www.w3.org/TR/xhtml1/DTD/xhtml1-transitional.dtd">
<html xmlns="http://www.w3.org/1999/xhtml" xml:lang="en" lang="en">
 <head>
  <title>
</title>
<meta http-equiv="Content-Type" content="text/html;charset=utf-8" />
  <meta name='ocr-system' content='tesseract 3.04.00' />
  <meta name='ocr-capabilities' content='ocr_page ocr_carea ocr_par ocr_line ocrx_word'/>
</head>
<body>
  <div class='ocr_page' id='page_1' title='image "./depronominerela00steigoog_0065.png"; bbox 0 0 3225 5259; ppageno 0'>
   <div class='ocr_carea' id='block_1_1' title="bbox 1523 349 1610 416">
    <p class='ocr_par' dir='ltr' id='par_1_1' title="bbox 1523 349 1610 416">
     <span class='ocr_line' id='line_1_1' title="bbox 1523 349 1610 416; baseline 0 0"><span class='ocrx_word' id='word_1_1' title='bbox 1523 349 1610 416; x_wconf 77' lang='lat'><strong>63</strong></span> 
     </span>
    </p>
   </div>
   <div class='ocr_carea' id='block_1_2' title="bbox 362 535 2719 4556">
    <p class='ocr_par' dir='ltr' id='par_1_2' title="bbox 362 535 2719 2518">
     <span class='ocr_line' id='line_1_2' title="bbox 433 535 2690 638; baseline 0.002 -26"><span class='ocrx_word' id='word_1_2' title='bbox 433 542 892 636; x_wconf 79' lang='lat' dir='ltr'><strong>exprimuntur,</strong></span> <span class='ocrx_word' id='word_1_3' title='bbox 940 550 1014 612; x_wconf 87' lang='lat' dir='ltr'><strong>ut</strong></span> <span class='ocrx_word' id='word_1_4' title='bbox 1056 542 1142 612; x_wconf 87' lang='lat' dir='ltr'><strong>ita</strong></span> <span class='ocrx_word' id='word_1_5' title='bbox 1189 540 1392 612; x_wconf 75' lang='lat' dir='ltr'><strong>dicam</strong></span> <span class='ocrx_word' id='word_1_6' title='bbox 1437 539 1969 614; x_wconf 77' lang='lat' dir='ltr'><strong>demonstrantur.</strong></span> <span class='ocrx_word' id='word_1_7' title='bbox 2061 544 2225 612; x_wconf 85' lang='lat' dir='ltr'><strong>Nam</strong></span> <span class='ocrx_word' id='word_1_8' title='bbox 2282 545 2531 638; x_wconf 80' lang='lat' dir='ltr'><strong>saepius</strong></span> <span class='ocrx_word' id='word_1_9' title='bbox 2590 535 2690 616; x_wconf 82' lang='lat' dir='ltr'><strong>lo-</strong></span> 
     </span>
     <span class='ocr_line' id='line_1_3' title="bbox 433 647 2719 742; baseline 0.002 -23"><span class='ocrx_word' id='word_1_10' title='bbox 433 672 544 719; x_wconf 88' lang='lat' dir='ltr'><strong>cus</strong></span> <span class='ocrx_word' id='word_1_11' title='bbox 589 656 658 720; x_wconf 86' lang='lat' dir='ltr'><strong>et</strong></span> <span class='ocrx_word' id='word_1_12' title='bbox 705 647 1068 738; x_wconf 78' lang='lat' dir='ltr'><strong>categoriae</strong></span> <span class='ocrx_word' id='word_1_13' title='bbox 1124 647 1282 718; x_wconf 85' lang='lat' dir='ltr'><strong>istae</strong></span> <span class='ocrx_word' id='word_1_14' title='bbox 1341 647 1428 717; x_wconf 85' lang='lat' dir='ltr'><strong>ita</strong></span> <span class='ocrx_word' id='word_1_15' title='bbox 1487 647 1901 732; x_wconf 86' lang='lat' dir='ltr'><strong>conveniunt,</strong></span> <span class='ocrx_word' id='word_1_16' title='bbox 1956 658 2029 719; x_wconf 92' lang='lat' dir='ltr'><strong>ut</strong></span> <span class='ocrx_word' id='word_1_17' title='bbox 2082 649 2307 722; x_wconf 85' lang='lat' dir='ltr'><strong>harum</strong></span> <span class='ocrx_word' id='word_1_18' title='bbox 2364 651 2719 742; x_wconf 74' lang='lat' dir='ltr'><strong>expressio-</strong></span> 
     </span>
     <span class='ocr_line' id='line_1_4' title="bbox 430 750 2691 848; baseline 0.003 -24"><span class='ocrx_word' id='word_1_19' title='bbox 430 755 540 824; x_wconf 87' lang='lat' dir='ltr'><strong>illo</strong></span> <span class='ocrx_word' id='word_1_20' title='bbox 597 754 1010 847; x_wconf 86' lang='lat' dir='ltr'><strong>compensari·</strong></span> <span class='ocrx_word' id='word_1_21' title='bbox 1049 761 1278 846; x_wconf 86' lang='lat' dir='ltr'><strong>potest.</strong></span> <span class='ocrx_word' id='word_1_22' title='bbox 1369 755 1627 847; x_wconf 76' lang='lat' dir='ltr'><strong>Itaquez</strong></span> <span class='ocrx_word' id='word_1_23' title='bbox 1682 777 1807 845; x_wconf 68' lang='lat' dir='ltr'><strong>qur</strong></span> <span class='ocrx_word' id='word_1_24' title='bbox 1840 777 2089 848; x_wconf 16' lang='lat' dir='ltr'><strong>‘quma</strong></span> <span class='ocrx_word' id='word_1_25' title='bbox 2134 758 2202 826; x_wconf 78' lang='lat' dir='ltr'><strong>di</strong></span> <span class='ocrx_word' id='word_1_26' title='bbox 2243 750 2417 828; x_wconf 56' lang='lat' dir='ltr'><strong>wal?</strong></span> <span class='ocrx_word' id='word_1_27' title='bbox 2448 755 2691 848; x_wconf 76' lang='lat' dir='ltr'><strong>signifi·-</strong></span> 
     </span>
     <span class='ocr_line' id='line_1_5' title="bbox 431 860 2692 954; baseline 0.001 -22"><span class='ocrx_word' id='word_1_28' title='bbox 431 870 566 932; x_wconf 74' lang='lat' dir='ltr'><strong>cat-2</strong></span> <span class='ocrx_word' id='word_1_29' title='bbox 621 861 812 931; x_wconf 70' lang='lat' dir='ltr'><strong>homo</strong></span> <span class='ocrx_word' id='word_1_30' title='bbox 857 861 964 930; x_wconf 65' lang='lat' dir='ltr'><strong>ille</strong></span> <span class='ocrx_word' id='word_1_31' title='bbox 1019 861 1098 930; x_wconf 75' lang='lat' dir='ltr'><strong>de</strong></span> <span class='ocrx_word' id='word_1_32' title='bbox 1155 883 1284 950; x_wconf 77' lang='lat' dir='ltr'><strong>quo</strong></span> <span class='ocrx_word' id='word_1_33' title='bbox 1341 860 1580 951; x_wconf 70' lang='lat' dir='ltr'><strong>loquor</strong></span> <span class='ocrx_word' id='word_1_34' title='bbox 1634 865 1662 945; x_wconf 84' lang='lat'>(</span> <span class='ocrx_word' id='word_1_35' title='bbox 1676 861 1959 953; x_wconf 77' lang='lat' dir='ltr'><strong>proprie:</strong></span> <span class='ocrx_word' id='word_1_36' title='bbox 2014 861 2205 932; x_wconf 75' lang='lat' dir='ltr'><strong>homo</strong></span> <span class='ocrx_word' id='word_1_37' title='bbox 2264 863 2373 932; x_wconf 69' lang='lat' dir='ltr'><strong>ille</strong></span> <span class='ocrx_word' id='word_1_38' title='bbox 2426 887 2539 954; x_wconf 75' lang='lat'><strong>09⁰</strong></span> <span class='ocrx_word' id='word_1_39' title='bbox 2588 865 2692 934; x_wconf 81' lang='lat' dir='ltr'><strong>lo·-</strong></span> 
     </span>
     <span class='ocr_line' id='line_1_6' title="bbox 433 965 2691 1059; baseline 0.003 -23"><span class='ocrx_word' id='word_1_40' title='bbox 433 969 632 1057; x_wconf 75' lang='lat' dir='ltr'><strong>quor)</strong></span> <span class='ocrx_word' id='word_1_41' title='bbox 675 965 740 1034; x_wconf 91' lang='lat' dir='ltr'><strong>in</strong></span> <span class='ocrx_word' id='word_1_42' title='bbox 788 989 916 1059; x_wconf 87' lang='lat' dir='ltr'><strong>quo</strong></span> <span class='ocrx_word' id='word_1_43' title='bbox 962 987 1050 1055; x_wconf 75' lang='lat' dir='ltr'><strong>qa</strong></span> <span class='ocrx_word' id='word_1_44' title='bbox 1093 987 1216 1036; x_wconf 87' lang='lat' dir='ltr'><strong>non</strong></span> <span class='ocrx_word' id='word_1_45' title='bbox 1265 965 1452 1037; x_wconf 84' lang='lat' dir='ltr'><strong>modo</strong></span> <span class='ocrx_word' id='word_1_46' title='bbox 1500 987 1685 1038; x_wconf 85' lang='lat' dir='ltr'><strong>voces</strong></span> <span class='ocrx_word' id='word_1_47' title='bbox 1732 989 1841 1036; x_wconf 85' lang='lat' dir='ltr'><strong>ma</strong></span> <span class='ocrx_word' id='word_1_48' title='bbox 1884 967 1955 1036; x_wconf 78' lang='lat' dir='ltr'><strong>di</strong></span> <span class='ocrx_word' id='word_1_49' title='bbox 1994 965 2157 1038; x_wconf 76' lang='lat' dir='ltr'><strong>wah‘</strong></span> <span class='ocrx_word' id='word_1_50' title='bbox 2201 976 2273 1039; x_wconf 89' lang='lat' dir='ltr'><strong>ut</strong></span> <span class='ocrx_word' id='word_1_51' title='bbox 2316 968 2691 1042; x_wconf 79' lang='lat' dir='ltr'><strong>attributum</strong></span> 
     </span>
     <span class='ocr_line' id='line_1_7' title="bbox 431 1069 2693 1166; baseline 0.002 -25"><span class='ocrx_word' id='word_1_52' title='bbox 431 1071 509 1142; x_wconf 87' lang='lat' dir='ltr'><strong>ad</strong></span> <span class='ocrx_word' id='word_1_53' title='bbox 559 1095 682 1162; x_wconf 74' lang='lat' dir='ltr'><strong>yur</strong></span> <span class='ocrx_word' id='word_1_54' title='bbox 726 1072 960 1152; x_wconf 81' lang='lat' dir='ltr'><strong>refert,</strong></span> <span class='ocrx_word' id='word_1_55' title='bbox 1015 1069 1130 1140; x_wconf 85' lang='lat' dir='ltr'><strong>sed</strong></span> <span class='ocrx_word' id='word_1_56' title='bbox 1175 1073 1366 1143; x_wconf 87' lang='lat' dir='ltr'><strong>etiam</strong></span> <span class='ocrx_word' id='word_1_57' title='bbox 1407 1071 1474 1142; x_wconf 86' lang='lat' dir='ltr'><strong>id</strong></span> <span class='ocrx_word' id='word_1_58' title='bbox 1520 1072 1847 1154; x_wconf 82' lang='lat' dir='ltr'>enunciat,</span> <span class='ocrx_word' id='word_1_59' title='bbox 1902 1094 2041 1144; x_wconf 87' lang='lat' dir='ltr'><strong>rem</strong></span> <span class='ocrx_word' id='word_1_60' title='bbox 2090 1075 2185 1142; x_wconf 89' lang='lat' dir='ltr'><strong>vel</strong></span> <span class='ocrx_word' id='word_1_61' title='bbox 2232 1095 2566 1166; x_wconf 82' lang='lat' dir='ltr'><strong>personam</strong></span> <span class='ocrx_word' id='word_1_62' title='bbox 2612 1074 2693 1146; x_wconf 75' lang='lat' dir='ltr'><strong>ad</strong></span> 
     </span>
     <span class='ocr_line' id='line_1_8' title="bbox 431 1176 2693 1273; baseline 0.004 -29"><span class='ocrx_word' id='word_1_63' title='bbox 431 1201 622 1270; x_wconf 85' lang='lat' dir='ltr'><strong>quam</strong></span> <span class='ocrx_word' id='word_1_64' title='bbox 667 1178 928 1258; x_wconf 78' lang='lat' dir='ltr'><strong>referat,</strong></span> <span class='ocrx_word' id='word_1_65' title='bbox 973 1199 1117 1266; x_wconf 71' lang='lat' dir='ltr'><strong>yur,</strong></span> <span class='ocrx_word' id='word_1_66' title='bbox 1163 1201 1290 1247; x_wconf 88' lang='lat' dir='ltr'><strong>non</strong></span> <span class='ocrx_word' id='word_1_67' title='bbox 1337 1177 1583 1259; x_wconf 84' lang='lat' dir='ltr'><strong>adesse,</strong></span> <span class='ocrx_word' id='word_1_68' title='bbox 1630 1176 1744 1248; x_wconf 91' lang='lat' dir='ltr'><strong>sed</strong></span> <span class='ocrx_word' id='word_1_69' title='bbox 1792 1199 1931 1248; x_wconf 82' lang='lat' dir='ltr'><strong>esse</strong></span> <span class='ocrx_word' id='word_1_70' title='bbox 1980 1179 2403 1273; x_wconf 79' lang='lat' dir='ltr'><strong>longinquam.</strong></span> <span class='ocrx_word' id='word_1_71' title='bbox 2473 1182 2693 1264; x_wconf 84' lang='lat' dir='ltr'><strong>Quum</strong></span> 
     </span>
     <span class='ocr_line' id='line_1_9' title="bbox 433 1282 2689 1377; baseline 0.001 -25"><span class='ocrx_word' id='word_1_72' title='bbox 433 1291 646 1354; x_wconf 88' lang='lat' dir='ltr'><strong>autem</strong></span> <span class='ocrx_word' id='word_1_73' title='bbox 695 1307 844 1354; x_wconf 87' lang='lat' dir='ltr'><strong>enm</strong></span> <span class='ocrx_word' id='word_1_74' title='bbox 887 1282 996 1377; x_wconf 90' lang='lat' dir='ltr'><strong>qui</strong></span> <span class='ocrx_word' id='word_1_75' title='bbox 1057 1307 1182 1353; x_wconf 88' lang='lat' dir='ltr'><strong>non</strong></span> <span class='ocrx_word' id='word_1_76' title='bbox 1237 1283 1412 1362; x_wconf 58' lang='lat' dir='ltr'><strong>adsit,</strong></span> <span class='ocrx_word' id='word_1_77' title='bbox 1457 1284 1688 1377; x_wconf 79' lang='lat' dir='ltr'><strong>alloqui</strong></span> <span class='ocrx_word' id='word_1_78' title='bbox 1745 1306 1873 1354; x_wconf 87' lang='lat' dir='ltr'><strong>non</strong></span> <span class='ocrx_word' id='word_1_79' title='bbox 1919 1285 2181 1376; x_wconf 82' lang='lat' dir='ltr'><strong>possim,</strong></span> <span class='ocrx_word' id='word_1_80' title='bbox 2242 1285 2507 1358; x_wconf 70' lang='lat' dir='ltr'><strong>dubitari</strong></span> <span class='ocrx_word' id='word_1_81' title='bbox 2566 1310 2689 1356; x_wconf 86' lang='lat' dir='ltr'><strong>non</strong></span> 
     </span>
     <span class='ocr_line' id='line_1_10' title="bbox 433 1389 2690 1483; baseline 0 -23"><span class='ocrx_word' id='word_1_82' title='bbox 433 1399 662 1483; x_wconf 83' lang='lat' dir='ltr'><strong>potest,</strong></span> <span class='ocrx_word' id='word_1_83' title='bbox 708 1389 856 1483; x_wconf 87' lang='lat' dir='ltr'><strong>quin</strong></span> <span class='ocrx_word' id='word_1_84' title='bbox 906 1389 1096 1460; x_wconf 86' lang='lat' dir='ltr'><strong>verba</strong></span> <span class='ocrx_word' id='word_1_85' title='bbox 1141 1412 1252 1459; x_wconf 83' lang='lat' dir='ltr'><strong>ma</strong></span> <span class='ocrx_word' id='word_1_86' title='bbox 1299 1390 1370 1459; x_wconf 73' lang='lat' dir='ltr'><strong>di</strong></span> <span class='ocrx_word' id='word_1_87' title='bbox 1407 1390 1590 1471; x_wconf 62' lang='lat' dir='ltr'><strong>wolf,</strong></span> <span class='ocrx_word' id='word_1_88' title='bbox 1654 1391 1889 1482; x_wconf 81' lang='lat' dir='ltr'><strong>loquor</strong></span> <span class='ocrx_word' id='word_1_89' title='bbox 1933 1413 2057 1459; x_wconf 89' lang='lat' dir='ltr'><strong>non</strong></span> <span class='ocrx_word' id='word_1_90' title='bbox 2102 1391 2191 1460; x_wconf 87' lang='lat' dir='ltr'><strong>ita</strong></span> <span class='ocrx_word' id='word_1_91' title='bbox 2236 1413 2375 1462; x_wconf 86' lang='lat' dir='ltr'><strong>esse</strong></span> <span class='ocrx_word' id='word_1_92' title='bbox 2422 1391 2499 1462; x_wconf 86' lang='lat' dir='ltr'><strong>ad</strong></span> <span class='ocrx_word' id='word_1_93' title='bbox 2546 1415 2690 1482; x_wconf 66' lang='lat' dir='ltr'><strong>yur,</strong></span> 
     </span>
     <span class='ocr_line' id='line_1_11' title="bbox 433 1495 2693 1590; baseline 0.002 -26"><span class='ocrx_word' id='word_1_94' title='bbox 433 1498 622 1565; x_wconf 78' lang='lat' dir='ltr'><strong>homo</strong></span> <span class='ocrx_word' id='word_1_95' title='bbox 679 1495 1048 1578; x_wconf 77' lang='lat' dir='ltr'><strong>referenda,</strong></span> <span class='ocrx_word' id='word_1_96' title='bbox 1105 1505 1178 1565; x_wconf 87' lang='lat' dir='ltr'><strong>ut</strong></span> <span class='ocrx_word' id='word_1_97' title='bbox 1235 1495 1544 1588; x_wconf 84' lang='lat' dir='ltr'><strong>significet</strong></span> <span class='ocrx_word' id='word_1_98' title='bbox 1605 1500 1695 1566; x_wconf 80' lang='lat' dir='ltr'><strong>ad</strong></span> <span class='ocrx_word' id='word_1_99' title='bbox 1748 1519 1938 1589; x_wconf 81' lang='lat' dir='ltr'><strong>quem</strong></span> <span class='ocrx_word' id='word_1_100' title='bbox 1994 1497 2259 1589; x_wconf 67' lang='lat' dir='ltr'><strong>loquor,</strong></span> <span class='ocrx_word' id='word_1_101' title='bbox 2318 1497 2432 1568; x_wconf 87' lang='lat' dir='ltr'><strong>sed</strong></span> <span class='ocrx_word' id='word_1_102' title='bbox 2484 1499 2693 1590; x_wconf 72' lang='lat' dir='ltr'><strong>potius</strong></span> 
     </span>
     <span class='ocr_line' id='line_1_12' title="bbox 433 1600 2691 1694; baseline -0.001 -20"><span class='ocrx_word' id='word_1_103' title='bbox 433 1603 512 1674; x_wconf 77' lang='lat' dir='ltr'><strong>de</strong></span> <span class='ocrx_word' id='word_1_104' title='bbox 555 1624 688 1692; x_wconf 78' lang='lat' dir='ltr'><strong>quo</strong></span> <span class='ocrx_word' id='word_1_105' title='bbox 741 1601 992 1694; x_wconf 81' lang='lat' dir='ltr'><strong>loquor.</strong></span> <span class='ocrx_word' id='word_1_106' title='bbox 1085 1601 1212 1672; x_wconf 91' lang='lat' dir='ltr'><strong>Sed</strong></span> <span class='ocrx_word' id='word_1_107' title='bbox 1257 1623 1384 1692; x_wconf 69' lang='lat' dir='ltr'><strong>yur</strong></span> <span class='ocrx_word' id='word_1_108' title='bbox 1425 1603 1502 1692; x_wconf 69' lang='grc' dir='ltr'><strong>ρι’</strong></span> <span class='ocrx_word' id='word_1_109' title='bbox 1540 1626 1655 1672; x_wconf 52' lang='lat' dir='ltr'><strong>&gt;ma</strong></span> <span class='ocrx_word' id='word_1_110' title='bbox 1700 1604 1770 1673; x_wconf 78' lang='lat' dir='ltr'><strong>di</strong></span> <span class='ocrx_word' id='word_1_111' title='bbox 1810 1600 1969 1674; x_wconf 80' lang='lat' dir='ltr'><strong>wah‘</strong></span> <span class='ocrx_word' id='word_1_112' title='bbox 2018 1601 2241 1694; x_wconf 75' lang='lat' dir='ltr'><strong>(homo</strong></span> <span class='ocrx_word' id='word_1_113' title='bbox 2282 1604 2381 1674; x_wconf 70' lang='lat' dir='ltr'><strong>hic</strong></span> <span class='ocrx_word' id='word_1_114' title='bbox 2426 1628 2539 1694; x_wconf 71' lang='lat'><strong>09⁰</strong></span> <span class='ocrx_word' id='word_1_115' title='bbox 2586 1605 2691 1672; x_wconf 87' lang='lat' dir='ltr'><strong>lo·-</strong></span> 
     </span>
     <span class='ocr_line' id='line_1_13' title="bbox 434 1705 2693 1800; baseline 0.002 -24"><span class='ocrx_word' id='word_1_116' title='bbox 434 1707 630 1798; x_wconf 70' lang='lat' dir='ltr'><strong>quor)</strong></span> <span class='ocrx_word' id='word_1_117' title='bbox 675 1705 824 1794; x_wconf 85' lang='lat' dir='ltr'><strong>¹nihil</strong></span> <span class='ocrx_word' id='word_1_118' title='bbox 875 1706 1040 1777; x_wconf 85' lang='lat' dir='ltr'><strong>aliud</strong></span> <span class='ocrx_word' id='word_1_119' title='bbox 1089 1705 1438 1798; x_wconf 81' lang='lat' dir='ltr'><strong>significare</strong></span> <span class='ocrx_word' id='word_1_120' title='bbox 1485 1716 1699 1800; x_wconf 84' lang='lat' dir='ltr'><strong>potest</strong></span> <span class='ocrx_word' id='word_1_121' title='bbox 1742 1731 1933 1800; x_wconf 85' lang='lat' dir='ltr'><strong>qnam</strong></span> <span class='ocrx_word' id='word_1_122' title='bbox 1978 1733 2165 1799; x_wconf 76' lang='lat' dir='ltr'><strong>quem</strong></span> <span class='ocrx_word' id='word_1_123' title='bbox 2210 1708 2546 1798; x_wconf 68' lang='lat' dir='ltr'><strong>alloquor,</strong></span> <span class='ocrx_word' id='word_1_124' title='bbox 2604 1708 2693 1780; x_wconf 80' lang='lat' dir='ltr'><strong>ita</strong></span> 
     </span>
     <span class='ocr_line' id='line_1_14' title="bbox 437 1812 2693 1907; baseline 0.001 -25"><span class='ocrx_word' id='word_1_125' title='bbox 437 1824 511 1882; x_wconf 91' lang='lat' dir='ltr'><strong>nt</strong></span> <span class='ocrx_word' id='word_1_126' title='bbox 555 1813 680 1883; x_wconf 78' lang='lat' dir='ltr'><strong>loci</strong></span> <span class='ocrx_word' id='word_1_127' title='bbox 723 1815 1080 1906; x_wconf 82' lang='lat' dir='ltr'><strong>praesentia</strong></span> <span class='ocrx_word' id='word_1_128' title='bbox 1126 1813 1452 1883; x_wconf 75' lang='lat' dir='ltr'><strong>accusativi</strong></span> <span class='ocrx_word' id='word_1_129' title='bbox 1495 1814 1666 1882; x_wconf 75' lang='lat' dir='ltr'><strong>ratio</strong></span> <span class='ocrx_word' id='word_1_130' title='bbox 1714 1813 2077 1884; x_wconf 83' lang='lat' dir='ltr'><strong>denotatur.</strong></span> <span class='ocrx_word' id='word_1_131' title='bbox 2166 1812 2297 1886; x_wconf 85' lang='lat' dir='ltr'><strong>Sed</strong></span> <span class='ocrx_word' id='word_1_132' title='bbox 2342 1835 2464 1904; x_wconf 68' lang='lat' dir='ltr'><strong>qu,</strong></span> <span class='ocrx_word' id='word_1_133' title='bbox 2518 1813 2693 1907; x_wconf 87' lang='lat' dir='ltr'><strong>quod</strong></span> 
     </span>
     <span class='ocr_line' id='line_1_15' title="bbox 431 1918 2694 2016; baseline 0.001 -27"><span class='ocrx_word' id='word_1_134' title='bbox 431 1929 531 1989; x_wconf 90' lang='lat' dir='ltr'><strong>est</strong></span> <span class='ocrx_word' id='word_1_135' title='bbox 561 1919 862 2016; x_wconf 84' lang='lat' dir='ltr'><strong>generale</strong></span> <span class='ocrx_word' id='word_1_136' title='bbox 908 1919 1186 1990; x_wconf 74' lang='lat' dir='ltr'><strong>attributi</strong></span> <span class='ocrx_word' id='word_1_137' title='bbox 1233 1919 1503 2010; x_wconf 84' lang='lat' dir='ltr'><strong>signum,</strong></span> <span class='ocrx_word' id='word_1_138' title='bbox 1551 1928 1633 1990; x_wconf 82' lang='lat' dir='ltr'><strong>et·</strong></span> <span class='ocrx_word' id='word_1_139' title='bbox 1664 1918 1941 1990; x_wconf 81' lang='lat' dir='ltr'><strong>dativum</strong></span> <span class='ocrx_word' id='word_1_140' title='bbox 1988 1930 2053 1990; x_wconf 88' lang='lat' dir='ltr'><strong>et</strong></span> <span class='ocrx_word' id='word_1_141' title='bbox 2098 1920 2517 1990; x_wconf 74' lang='lat' dir='ltr'><strong>accusativum</strong></span> <span class='ocrx_word' id='word_1_142' title='bbox 2562 1921 2694 1991; x_wconf 82' lang='lat' dir='ltr'><strong>cir·-</strong></span> 
     </span>
     <span class='ocr_line' id='line_1_16' title="bbox 432 2023 2693 2119; baseline 0.001 -25"><span class='ocrx_word' id='word_1_143' title='bbox 432 2024 858 2109; x_wconf 84' lang='lat' dir='ltr'><strong>cumscrihere</strong></span> <span class='ocrx_word' id='word_1_144' title='bbox 907 2033 1132 2119; x_wconf 80' lang='lat' dir='ltr'><strong>potest,</strong></span> <span class='ocrx_word' id='word_1_145' title='bbox 1181 2035 1248 2096; x_wconf 89' lang='lat' dir='ltr'><strong>et</strong></span> <span class='ocrx_word' id='word_1_146' title='bbox 1289 2049 1414 2116; x_wconf 67' lang='lat' dir='ltr'><strong>mar</strong></span> <span class='ocrx_word' id='word_1_147' title='bbox 1443 2049 1532 2116; x_wconf 76' lang='lat'><strong>9¹⁸</strong></span> <span class='ocrx_word' id='word_1_148' title='bbox 1561 2048 1673 2096; x_wconf 84' lang='lat' dir='ltr'><strong>ma</strong></span> <span class='ocrx_word' id='word_1_149' title='bbox 1700 2026 1771 2096; x_wconf 74' lang='lat' dir='ltr'><strong>di</strong></span> <span class='ocrx_word' id='word_1_150' title='bbox 1798 2023 1957 2096; x_wconf 82' lang='lat' dir='ltr'><strong>wah‘</strong></span> <span class='ocrx_word' id='word_1_151' title='bbox 2005 2025 2315 2098; x_wconf 85' lang='lat' dir='ltr'><strong>incertum</strong></span> <span class='ocrx_word' id='word_1_152' title='bbox 2350 2035 2449 2096; x_wconf 81' lang='lat' dir='ltr'><strong>est</strong></span> <span class='ocrx_word' id='word_1_153' title='bbox 2476 2035 2693 2105; x_wconf 75' lang='lat' dir='ltr'><strong>utrum</strong></span> 
     </span>
     <span class='ocr_line' id='line_1_17' title="bbox 431 2129 2691 2224; baseline 0.002 -24"><span class='ocrx_word' id='word_1_154' title='bbox 431 2129 744 2220; x_wconf 85' lang='lat' dir='ltr'><strong>significet</strong></span> <span class='ocrx_word' id='word_1_155' title='bbox 789 2154 932 2200; x_wconf 77' lang='lat' dir='ltr'><strong>cum</strong></span> <span class='ocrx_word' id='word_1_156' title='bbox 975 2155 1052 2200; x_wconf 90' lang='lat' dir='ltr'><strong>an</strong></span> <span class='ocrx_word' id='word_1_157' title='bbox 1112 2133 1190 2200; x_wconf 76' lang='lat' dir='ltr'><strong>de</strong></span> <span class='ocrx_word' id='word_1_158' title='bbox 1235 2155 1364 2223; x_wconf 83' lang='lat' dir='ltr'><strong>quo</strong></span> <span class='ocrx_word' id='word_1_159' title='bbox 1414 2131 1661 2224; x_wconf 91' lang='lat' dir='ltr'><strong>loquor.</strong></span> <span class='ocrx_word' id='word_1_160' title='bbox 1754 2133 1975 2214; x_wconf 83' lang='lat' dir='ltr'><strong>Quare</strong></span> <span class='ocrx_word' id='word_1_161' title='bbox 2030 2156 2115 2200; x_wconf 82' lang='lat' dir='ltr'><strong>ne</strong></span> <span class='ocrx_word' id='word_1_162' title='bbox 2172 2131 2453 2221; x_wconf 83' lang='lat' dir='ltr'><strong>mireris,</strong></span> <span class='ocrx_word' id='word_1_163' title='bbox 2512 2131 2567 2200; x_wconf 87' lang='lat' dir='ltr'><strong>si</strong></span> <span class='ocrx_word' id='word_1_164' title='bbox 2610 2133 2691 2205; x_wconf 81' lang='lat' dir='ltr'>R</span> 
     </span>
     <span class='ocr_line' id='line_1_18' title="bbox 434 2238 2693 2355; baseline 0.001 -51"><span class='ocrx_word' id='word_1_165' title='bbox 434 2261 494 2355; x_wconf 88' lang='lat' dir='ltr'><strong>p.</strong></span> <span class='ocrx_word' id='word_1_166' title='bbox 542 2238 650 2304; x_wconf 88' lang='lat'><strong>53.</strong></span> <span class='ocrx_word' id='word_1_167' title='bbox 697 2259 788 2326; x_wconf 68' lang='lat' dir='ltr'><strong>qu</strong></span> <span class='ocrx_word' id='word_1_168' title='bbox 834 2238 1019 2307; x_wconf 83' lang='lat' dir='ltr'><strong>vertit</strong></span> <span class='ocrx_word' id='word_1_169' title='bbox 1065 2239 1434 2329; x_wconf 66' lang='lat' dir='ltr'><strong>auquel=</strong></span> <span class='ocrx_word' id='word_1_170' title='bbox 1476 2239 1564 2328; x_wconf 70' lang='lat' dir='ltr'><strong>qi,</strong></span> <span class='ocrx_word' id='word_1_171' title='bbox 1611 2246 1677 2308; x_wconf 84' lang='lat' dir='ltr'><strong>et</strong></span> <span class='ocrx_word' id='word_1_172' title='bbox 1720 2259 1777 2330; x_wconf 90' lang='lat' dir='ltr'><strong>p.</strong></span> <span class='ocrx_word' id='word_1_173' title='bbox 1826 2239 1931 2306; x_wconf 82' lang='lat'><strong>54.</strong></span> <span class='ocrx_word' id='word_1_174' title='bbox 1978 2238 2219 2328; x_wconf 77' lang='lat' dir='ltr'><strong>duqu&#39;el</strong></span> <span class='ocrx_word' id='word_1_175' title='bbox 2260 2267 2347 2282; x_wconf 81' lang='lat'><strong>--</strong></span> <span class='ocrx_word' id='word_1_176' title='bbox 2378 2259 2485 2326; x_wconf 71' lang='lat' dir='ltr'><strong>qa,</strong></span> <span class='ocrx_word' id='word_1_177' title='bbox 2532 2259 2693 2306; x_wconf 84' lang='lat' dir='ltr'><strong>neve</strong></span> 
     </span>
     <span class='ocr_line' id='line_1_19' title="bbox 362 2341 2693 2435; baseline 0.002 -25"><span class='ocrx_word' id='word_1_178' title='bbox 362 2358 367 2363; x_wconf 83' lang='lat'><strong>·</strong></span> <span class='ocrx_word' id='word_1_179' title='bbox 432 2342 493 2411; x_wconf 87' lang='lat' dir='ltr'><strong>in</strong></span> <span class='ocrx_word' id='word_1_180' title='bbox 541 2342 664 2411; x_wconf 91' lang='lat' dir='ltr'><strong>hoc</strong></span> <span class='ocrx_word' id='word_1_181' title='bbox 717 2342 1274 2413; x_wconf 76' lang='lat' dir='ltr'><strong>contradictionem</strong></span> <span class='ocrx_word' id='word_1_182' title='bbox 1321 2363 1462 2414; x_wconf 87' lang='lat' dir='ltr'><strong>esse</strong></span> <span class='ocrx_word' id='word_1_183' title='bbox 1507 2351 1714 2435; x_wconf 88' lang='lat' dir='ltr'><strong>putes.</strong></span> <span class='ocrx_word' id='word_1_184' title='bbox 1805 2343 1885 2414; x_wconf 81' lang='lat' dir='ltr'><strong>R.</strong></span> <span class='ocrx_word' id='word_1_185' title='bbox 1930 2363 2083 2410; x_wconf 83' lang='lat' dir='ltr'><strong>vero</strong></span> <span class='ocrx_word' id='word_1_186' title='bbox 2128 2342 2281 2413; x_wconf 90' lang='lat' dir='ltr'><strong>nihil</strong></span> <span class='ocrx_word' id='word_1_187' title='bbox 2326 2341 2409 2415; x_wconf 89' lang='lat' dir='ltr'><strong>de</strong></span> <span class='ocrx_word' id='word_1_188' title='bbox 2457 2343 2579 2413; x_wconf 80' lang='lat' dir='ltr'><strong>bac</strong></span> <span class='ocrx_word' id='word_1_189' title='bbox 2618 2366 2693 2414; x_wconf 83' lang='lat' dir='ltr'><strong>re</strong></span> 
     </span>
     <span class='ocr_line' id='line_1_20' title="bbox 432 2447 1414 2518; baseline -0.004 0"><span class='ocrx_word' id='word_1_190' title='bbox 432 2447 767 2518; x_wconf 84' lang='lat' dir='ltr'><strong>annotavit.</strong></span> <span class='ocrx_word' id='word_1_191' title='bbox 1408 2473 1414 2478; x_wconf 89' lang='lat'>·</span> 
     </span>
    </p>

    <p class='ocr_par' dir='ltr' id='par_1_3' title="bbox 435 2551 2702 4341">
     <span class='ocr_line' id='line_1_21' title="bbox 568 2551 2693 2659; baseline 0.001 -35.043"><span class='ocrx_word' id='word_1_192' title='bbox 568 2556 861 2659; x_wconf 84' lang='lat' dir='ltr'><strong>ltaque,</strong></span> <span class='ocrx_word' id='word_1_193' title='bbox 907 2564 979 2624; x_wconf 89' lang='lat' dir='ltr'><strong>ut</strong></span> <span class='ocrx_word' id='word_1_194' title='bbox 1023 2553 1240 2647; x_wconf 85' lang='lat' dir='ltr'><strong>paucis</strong></span> <span class='ocrx_word' id='word_1_195' title='bbox 1289 2551 1895 2647; x_wconf 79' lang='lat' dir='ltr'><strong>comprehendamus</strong></span> <span class='ocrx_word' id='word_1_196' title='bbox 1939 2575 2105 2647; x_wconf 88' lang='lat' dir='ltr'><strong>quae</strong></span> <span class='ocrx_word' id='word_1_197' title='bbox 2152 2551 2457 2636; x_wconf 71' lang='lat' dir='ltr'><strong>diximu8‚</strong></span> <span class='ocrx_word' id='word_1_198' title='bbox 2500 2577 2693 2626; x_wconf 78' lang='lat' dir='ltr'><strong>voca·</strong></span> 
     </span>
     <span class='ocr_line' id='line_1_22' title="bbox 435 2647 2702 2750; baseline 0 -20"><span class='ocrx_word' id='word_1_199' title='bbox 435 2662 506 2730; x_wconf 85' lang='lat' dir='ltr'><strong>lis</strong></span> <span class='ocrx_word' id='word_1_200' title='bbox 534 2647 584 2730; x_wconf 67' lang='lat' dir='ltr'><strong>zi</strong></span> <span class='ocrx_word' id='word_1_201' title='bbox 611 2683 946 2730; x_wconf 87' lang='lat' dir='ltr'><strong>commune</strong></span> <span class='ocrx_word' id='word_1_202' title='bbox 995 2670 1092 2732; x_wconf 88' lang='lat' dir='ltr'><strong>est</strong></span> <span class='ocrx_word' id='word_1_203' title='bbox 1137 2659 1418 2732; x_wconf 80' lang='lat' dir='ltr'><strong>attributi</strong></span> <span class='ocrx_word' id='word_1_204' title='bbox 1467 2660 1738 2748; x_wconf 83' lang='lat' dir='ltr'><strong>signum,</strong></span> <span class='ocrx_word' id='word_1_205' title='bbox 1782 2670 1849 2729; x_wconf 88' lang='lat' dir='ltr'><strong>et</strong></span> <span class='ocrx_word' id='word_1_206' title='bbox 1876 2658 2176 2750; x_wconf 85' lang='lat' dir='ltr'><strong>adjectiva</strong></span> <span class='ocrx_word' id='word_1_207' title='bbox 2220 2683 2364 2730; x_wconf 89' lang='lat' dir='ltr'><strong>cnm</strong></span> <span class='ocrx_word' id='word_1_208' title='bbox 2396 2660 2702 2732; x_wconf 76' lang='lat' dir='ltr'><strong>substan·</strong></span> 
     </span>
     <span class='ocr_line' id='line_1_23' title="bbox 435 2765 2693 2858; baseline 0.001 -22"><span class='ocrx_word' id='word_1_209' title='bbox 435 2768 575 2838; x_wconf 88' lang='lat' dir='ltr'><strong>tivis</strong></span> <span class='ocrx_word' id='word_1_210' title='bbox 625 2776 690 2836; x_wconf 89' lang='lat' dir='ltr'><strong>et</strong></span> <span class='ocrx_word' id='word_1_211' title='bbox 734 2765 1030 2836; x_wconf 85' lang='lat' dir='ltr'><strong>adverbia</strong></span> <span class='ocrx_word' id='word_1_212' title='bbox 1075 2788 1218 2837; x_wconf 85' lang='lat' dir='ltr'><strong>cum</strong></span> <span class='ocrx_word' id='word_1_213' title='bbox 1265 2765 1470 2838; x_wconf 86' lang='lat' dir='ltr'><strong>verbis</strong></span> <span class='ocrx_word' id='word_1_214' title='bbox 1528 2765 1867 2857; x_wconf 86' lang='lat' dir='ltr'><strong>conjungit.</strong></span> <span class='ocrx_word' id='word_1_215' title='bbox 1958 2767 2129 2834; x_wconf 85' lang='lat' dir='ltr'><strong>Ante</strong></span> <span class='ocrx_word' id='word_1_216' title='bbox 2186 2765 2489 2858; x_wconf 78' lang='lat' dir='ltr'><strong>adjectiva</strong></span> <span class='ocrx_word' id='word_1_217' title='bbox 2534 2791 2693 2838; x_wconf 83' lang='lat' dir='ltr'><strong>con·-</strong></span> 
     </span>
     <span class='ocr_line' id='line_1_24' title="bbox 435 2871 2695 2965; baseline 0.001 -22"><span class='ocrx_word' id='word_1_218' title='bbox 435 2897 662 2944; x_wconf 87' lang='lat' dir='ltr'><strong>sonans</strong></span> <span class='ocrx_word' id='word_1_219' title='bbox 729 2873 975 2942; x_wconf 87' lang='lat' dir='ltr'><strong>initialis</strong></span> <span class='ocrx_word' id='word_1_220' title='bbox 1044 2895 1158 2965; x_wconf 88' lang='lat' dir='ltr'><strong>pro</strong></span> <span class='ocrx_word' id='word_1_221' title='bbox 1227 2871 1624 2944; x_wconf 85' lang='lat' dir='ltr'><strong>substantivis</strong></span> <span class='ocrx_word' id='word_1_222' title='bbox 1691 2871 1999 2952; x_wconf 85' lang='lat' dir='ltr'><strong>variatur,</strong></span> <span class='ocrx_word' id='word_1_223' title='bbox 2068 2880 2217 2942; x_wconf 86' lang='lat' dir='ltr'><strong>ante</strong></span> <span class='ocrx_word' id='word_1_224' title='bbox 2285 2872 2581 2944; x_wconf 87' lang='lat' dir='ltr'><strong>adverbia</strong></span> <span class='ocrx_word' id='word_1_225' title='bbox 2648 2897 2695 2944; x_wconf 81' lang='lat' dir='ltr'><strong>u</strong></span> 
     </span>
     <span class='ocr_line' id='line_1_25' title="bbox 435 2976 2693 3074; baseline 0 -27"><span class='ocrx_word' id='word_1_226' title='bbox 435 3001 691 3071; x_wconf 83' lang='lat' dir='ltr'><strong>semper</strong></span> <span class='ocrx_word' id='word_1_227' title='bbox 736 2979 960 3072; x_wconf 88' lang='lat' dir='ltr'><strong>accipit</strong></span> <span class='ocrx_word' id='word_1_228' title='bbox 1007 2981 1065 3060; x_wconf 84' lang='lat' dir='ltr'><strong>b,</strong></span> <span class='ocrx_word' id='word_1_229' title='bbox 1113 2981 1220 3049; x_wconf 77' lang='lat' dir='ltr'><strong>bu.</strong></span> <span class='ocrx_word' id='word_1_230' title='bbox 1313 2979 1534 3060; x_wconf 87' lang='lat' dir='ltr'><strong>Quum</strong></span> <span class='ocrx_word' id='word_1_231' title='bbox 1563 2984 1793 3048; x_wconf 85' lang='lat' dir='ltr'><strong>autem</strong></span> <span class='ocrx_word' id='word_1_232' title='bbox 1839 2976 2211 3048; x_wconf 83' lang='lat' dir='ltr'><strong>attributum</strong></span> <span class='ocrx_word' id='word_1_233' title='bbox 2258 3003 2383 3048; x_wconf 87' lang='lat' dir='ltr'><strong>non</strong></span> <span class='ocrx_word' id='word_1_234' title='bbox 2430 2980 2693 3074; x_wconf 83' lang='lat' dir='ltr'><strong>simplici</strong></span> 
     </span>
     <span class='ocr_line' id='line_1_26' title="bbox 437 3065 2693 3180; baseline 0.002 -27"><span class='ocrx_word' id='word_1_235' title='bbox 437 3084 740 3176; x_wconf 83' lang='lat' dir='ltr'><strong>adjectivo</strong></span> <span class='ocrx_word' id='word_1_236' title='bbox 785 3084 900 3156; x_wconf 90' lang='lat' dir='ltr'><strong>sed</strong></span> <span class='ocrx_word' id='word_1_237' title='bbox 944 3095 1078 3156; x_wconf 88' lang='lat' dir='ltr'><strong>tota</strong></span> <span class='ocrx_word' id='word_1_238' title='bbox 1124 3083 1464 3156; x_wconf 85' lang='lat' dir='ltr'><strong>verborum</strong></span> <span class='ocrx_word' id='word_1_239' title='bbox 1523 3065 1793 3177; x_wconf 81' lang='lat' dir='ltr'><strong>quadam</strong></span> <span class='ocrx_word' id='word_1_240' title='bbox 1852 3085 2409 3176; x_wconf 86' lang='lat' dir='ltr'><strong>comprehensione</strong></span> <span class='ocrx_word' id='word_1_241' title='bbox 2472 3087 2693 3180; x_wconf 83' lang='lat' dir='ltr'><strong>expri-</strong></span> 
     </span>
     <span class='ocr_line' id='line_1_27' title="bbox 436 3189 2695 3284; baseline 0.001 -24"><span class='ocrx_word' id='word_1_242' title='bbox 436 3199 665 3273; x_wconf 88' lang='lat' dir='ltr'><strong>matur,</strong></span> <span class='ocrx_word' id='word_1_243' title='bbox 712 3214 755 3260; x_wconf 86' lang='lat' dir='ltr'><strong>a</strong></span> <span class='ocrx_word' id='word_1_244' title='bbox 801 3202 867 3260; x_wconf 95' lang='lat' dir='ltr'><strong>et</strong></span> <span class='ocrx_word' id='word_1_245' title='bbox 909 3193 934 3259; x_wconf 83' lang='lat' dir='ltr'><strong>i</strong></span> <span class='ocrx_word' id='word_1_246' title='bbox 978 3189 1377 3272; x_wconf 87' lang='lat' dir='ltr'><strong>adhibentur,</strong></span> <span class='ocrx_word' id='word_1_247' title='bbox 1421 3190 1651 3284; x_wconf 86' lang='lat' dir='ltr'><strong>quibus</strong></span> <span class='ocrx_word' id='word_1_248' title='bbox 1697 3211 1919 3258; x_wconf 88' lang='lat' dir='ltr'><strong>sensus</strong></span> <span class='ocrx_word' id='word_1_249' title='bbox 1964 3189 2255 3261; x_wconf 85' lang='lat' dir='ltr'><strong>variatur.</strong></span> <span class='ocrx_word' id='word_1_250' title='bbox 2344 3195 2435 3263; x_wconf 92' lang='lat' dir='ltr'><strong>Ut</strong></span> <span class='ocrx_word' id='word_1_251' title='bbox 2478 3202 2695 3263; x_wconf 84' lang='lat' dir='ltr'><strong>autem</strong></span> 
     </span>
     <span class='ocr_line' id='line_1_28' title="bbox 437 3294 2696 3388; baseline 0.001 -21"><span class='ocrx_word' id='word_1_252' title='bbox 437 3307 586 3367; x_wconf 84' lang='lat' dir='ltr'><strong>ante</strong></span> <span class='ocrx_word' id='word_1_253' title='bbox 631 3321 680 3366; x_wconf 81' lang='lat' dir='ltr'><strong>u</strong></span> <span class='ocrx_word' id='word_1_254' title='bbox 721 3297 888 3368; x_wconf 87' lang='lat' dir='ltr'><strong>inter</strong></span> <span class='ocrx_word' id='word_1_255' title='bbox 935 3295 1232 3388; x_wconf 87' lang='lat' dir='ltr'><strong>adjectiva</strong></span> <span class='ocrx_word' id='word_1_256' title='bbox 1279 3305 1347 3365; x_wconf 91' lang='lat' dir='ltr'><strong>et</strong></span> <span class='ocrx_word' id='word_1_257' title='bbox 1393 3295 1689 3366; x_wconf 84' lang='lat' dir='ltr'><strong>adverbia</strong></span> <span class='ocrx_word' id='word_1_258' title='bbox 1735 3294 2163 3378; x_wconf 77' lang='lat' dir='ltr'><strong>distinximuS,</strong></span> <span class='ocrx_word' id='word_1_259' title='bbox 2222 3298 2311 3368; x_wconf 82' lang='lat' dir='ltr'><strong>ita</strong></span> <span class='ocrx_word' id='word_1_260' title='bbox 2355 3308 2501 3370; x_wconf 82' lang='lat' dir='ltr'><strong>ante</strong></span> <span class='ocrx_word' id='word_1_261' title='bbox 2548 3323 2587 3369; x_wconf 82' lang='grc' dir='ltr'><strong><em>α</em></strong></span> <span class='ocrx_word' id='word_1_262' title='bbox 2628 3311 2696 3370; x_wconf 73' lang='lat' dir='ltr'><strong>ot</strong></span> 
     </span>
     <span class='ocr_line' id='line_1_29' title="bbox 435 3402 2693 3494; baseline 0 -20"><span class='ocrx_word' id='word_1_263' title='bbox 435 3409 461 3474; x_wconf 74' lang='lat' dir='ltr'><strong>i</strong></span> <span class='ocrx_word' id='word_1_264' title='bbox 505 3404 700 3486; x_wconf 85' lang='lat' dir='ltr'><strong>etiam</strong></span> <span class='ocrx_word' id='word_1_265' title='bbox 746 3403 1199 3494; x_wconf 83' lang='lat' dir='ltr'><strong>distinguamus</strong></span> <span class='ocrx_word' id='word_1_266' title='bbox 1247 3423 1508 3473; x_wconf 85' lang='lat' dir='ltr'><strong>necesse</strong></span> <span class='ocrx_word' id='word_1_267' title='bbox 1565 3411 1665 3471; x_wconf 85' lang='lat' dir='ltr'><strong>est</strong></span> <span class='ocrx_word' id='word_1_268' title='bbox 1720 3402 1885 3472; x_wconf 87' lang='lat' dir='ltr'><strong>inter</strong></span> <span class='ocrx_word' id='word_1_269' title='bbox 1944 3403 2417 3473; x_wconf 87' lang='lat' dir='ltr'><strong>enunciationes</strong></span> <span class='ocrx_word' id='word_1_270' title='bbox 2464 3405 2693 3476; x_wconf 85' lang='lat' dir='ltr'><strong>adver-</strong></span> 
     </span>
     <span class='ocr_line' id='line_1_30' title="bbox 436 3505 2693 3601; baseline 0.001 -21"><span class='ocrx_word' id='word_1_271' title='bbox 436 3511 634 3582; x_wconf 87' lang='lat' dir='ltr'><strong>biales</strong></span> <span class='ocrx_word' id='word_1_272' title='bbox 689 3519 759 3580; x_wconf 88' lang='lat' dir='ltr'><strong>et</strong></span> <span class='ocrx_word' id='word_1_273' title='bbox 812 3505 1162 3601; x_wconf 81' lang='lat' dir='ltr'><strong>adjectivas.</strong></span> <span class='ocrx_word' id='word_1_274' title='bbox 1251 3511 1421 3580; x_wconf 89' lang='lat' dir='ltr'><strong>Ante</strong></span> <span class='ocrx_word' id='word_1_275' title='bbox 1489 3506 1878 3579; x_wconf 83' lang='lat' dir='ltr'><strong>adverbiales</strong></span> <span class='ocrx_word' id='word_1_276' title='bbox 1938 3510 2405 3584; x_wconf 73' lang='lat' dir='ltr'><strong>enunciationes</strong></span> <span class='ocrx_word' id='word_1_277' title='bbox 2462 3535 2693 3582; x_wconf 88' lang='lat' dir='ltr'><strong>conso-</strong></span> 
     </span>
     <span class='ocr_line' id='line_1_31' title="bbox 437 3614 2692 3708; baseline 0 -22"><span class='ocrx_word' id='word_1_278' title='bbox 437 3637 594 3686; x_wconf 82' lang='lat' dir='ltr'><strong>nans</strong></span> <span class='ocrx_word' id='word_1_279' title='bbox 637 3615 921 3694; x_wconf 85' lang='lat' dir='ltr'><strong>initialis,</strong></span> <span class='ocrx_word' id='word_1_280' title='bbox 969 3623 1037 3683; x_wconf 90' lang='lat' dir='ltr'><strong>ut</strong></span> <span class='ocrx_word' id='word_1_281' title='bbox 1081 3623 1229 3684; x_wconf 82' lang='lat' dir='ltr'><strong>ante</strong></span> <span class='ocrx_word' id='word_1_282' title='bbox 1275 3639 1356 3695; x_wconf 80' lang='grc' dir='ltr'>ιι,</span> <span class='ocrx_word' id='word_1_283' title='bbox 1403 3637 1656 3708; x_wconf 85' lang='lat' dir='ltr'><strong>semper</strong></span> <span class='ocrx_word' id='word_1_284' title='bbox 1704 3624 1821 3684; x_wconf 91' lang='lat' dir='ltr'><strong>est.</strong></span> <span class='ocrx_word' id='word_1_285' title='bbox 1847 3617 1919 3695; x_wconf 86' lang='lat' dir='ltr'><strong>b,</strong></span> <span class='ocrx_word' id='word_1_286' title='bbox 1966 3623 2035 3684; x_wconf 91' lang='lat' dir='ltr'><strong>et</strong></span> <span class='ocrx_word' id='word_1_287' title='bbox 2078 3614 2313 3684; x_wconf 83' lang='lat' dir='ltr'><strong>voc-alis</strong></span> <span class='ocrx_word' id='word_1_288' title='bbox 2358 3627 2472 3685; x_wconf 84' lang='lat' dir='ltr'><strong>aut</strong></span> <span class='ocrx_word' id='word_1_289' title='bbox 2510 3617 2692 3688; x_wconf 74' lang='lat' dir='ltr'><strong>indic-</strong></span> 
     </span>
     <span class='ocr_line' id='line_1_32' title="bbox 439 3719 2693 3816; baseline 0.003 -28"><span class='ocrx_word' id='word_1_290' title='bbox 439 3720 652 3790; x_wconf 85' lang='lat' dir='ltr'><strong>l&#39;erens</strong></span> <span class='ocrx_word' id='word_1_291' title='bbox 697 3720 741 3790; x_wconf 74' lang='grc' dir='ltr'><strong>ὅ</strong></span> <span class='ocrx_word' id='word_1_292' title='bbox 783 3719 1135 3790; x_wconf 86' lang='lat' dir='ltr'><strong>secundum</strong></span> <span class='ocrx_word' id='word_1_293' title='bbox 1167 3719 1497 3801; x_wconf 75' lang='lat' dir='ltr'><strong>Dal-dium,</strong></span> <span class='ocrx_word' id='word_1_294' title='bbox 1545 3729 1655 3790; x_wconf 87' lang='lat' dir='ltr'><strong>aut</strong></span> <span class='ocrx_word' id='word_1_295' title='bbox 1694 3721 2045 3792; x_wconf 87' lang='lat' dir='ltr'><strong>secundum</strong></span> <span class='ocrx_word' id='word_1_296' title='bbox 2074 3722 2449 3811; x_wconf 82' lang='lat' dir='ltr'><strong>Rogerium,</strong></span> <span class='ocrx_word' id='word_1_297' title='bbox 2497 3742 2693 3816; x_wconf 84' lang='lat' dir='ltr'><strong>quum</strong></span> 
     </span>
     <span class='ocr_line' id='line_1_33' title="bbox 437 3826 2693 3921; baseline 0.002 -26"><span class='ocrx_word' id='word_1_298' title='bbox 437 3848 544 3896; x_wconf 83' lang='lat' dir='ltr'><strong>res</strong></span> <span class='ocrx_word' id='word_1_299' title='bbox 599 3826 936 3921; x_wconf 85' lang='lat' dir='ltr'><strong>praeterita</strong></span> <span class='ocrx_word' id='word_1_300' title='bbox 984 3826 1095 3906; x_wconf 85' lang='lat' dir='ltr'><strong>sit,</strong></span> <span class='ocrx_word' id='word_1_301' title='bbox 1155 3849 1228 3908; x_wconf 86' lang='lat' dir='ltr'><strong>a,</strong></span> <span class='ocrx_word' id='word_1_302' title='bbox 1287 3849 1481 3920; x_wconf 92' lang='lat' dir='ltr'><strong>quum</strong></span> <span class='ocrx_word' id='word_1_303' title='bbox 1527 3849 1827 3919; x_wconf 86' lang='lat' dir='ltr'><strong>praesens</strong></span> <span class='ocrx_word' id='word_1_304' title='bbox 1872 3828 1929 3910; x_wconf 77' lang='lat' dir='ltr'><strong>i,</strong></span> <span class='ocrx_word' id='word_1_305' title='bbox 1974 3851 2169 3921; x_wconf 88' lang='lat' dir='ltr'><strong>quum</strong></span> <span class='ocrx_word' id='word_1_306' title='bbox 2212 3827 2539 3900; x_wconf 85' lang='lat' dir='ltr'><strong>indefinita</strong></span> <span class='ocrx_word' id='word_1_307' title='bbox 2582 3841 2693 3911; x_wconf 64' lang='lat' dir='ltr'><strong>ant</strong></span> 
     </span>
     <span class='ocr_line' id='line_1_34' title="bbox 439 3931 2691 4024; baseline 0.001 -22"><span class='ocrx_word' id='word_1_308' title='bbox 439 3933 650 4002; x_wconf 82' lang='lat' dir='ltr'><strong>lutura</strong></span> <span class='ocrx_word' id='word_1_309' title='bbox 691 3955 760 4002; x_wconf 77' lang='lat' dir='ltr'><strong>u.</strong></span> <span class='ocrx_word' id='word_1_310' title='bbox 851 3933 1020 4002; x_wconf 89' lang='lat' dir='ltr'><strong>Ante</strong></span> <span class='ocrx_word' id='word_1_311' title='bbox 1068 3931 1394 4022; x_wconf 86' lang='lat' dir='ltr'><strong>adjectivas</strong></span> <span class='ocrx_word' id='word_1_312' title='bbox 1441 3940 1657 4002; x_wconf 88' lang='lat' dir='ltr'><strong>contra</strong></span> <span class='ocrx_word' id='word_1_313' title='bbox 1705 3935 2295 4024; x_wconf 86' lang='lat' dir='ltr'><strong>comprehensiones</strong></span> <span class='ocrx_word' id='word_1_314' title='bbox 2340 3957 2691 4004; x_wconf 84' lang='lat' dir='ltr'><strong>consonans</strong></span> 
     </span>
     <span class='ocr_line' id='line_1_35' title="bbox 438 4143 2695 4238; baseline 0.001 -26"><span class='ocrx_word' id='word_1_315' title='bbox 438 4166 616 4237; x_wconf 88' lang='lat' dir='ltr'><strong>pore,</strong></span> <span class='ocrx_word' id='word_1_316' title='bbox 660 4143 772 4213; x_wconf 90' lang='lat' dir='ltr'><strong>sed</strong></span> <span class='ocrx_word' id='word_1_317' title='bbox 819 4168 934 4237; x_wconf 87' lang='lat' dir='ltr'><strong>pro</strong></span> <span class='ocrx_word' id='word_1_318' title='bbox 979 4143 1136 4223; x_wconf 89' lang='lat' dir='ltr'><strong>loco,</strong></span> <span class='ocrx_word' id='word_1_319' title='bbox 1183 4165 1458 4236; x_wconf 84' lang='lat' dir='ltr'><strong>quocum</strong></span> <span class='ocrx_word' id='word_1_320' title='bbox 1503 4147 1947 4236; x_wconf 84' lang='lat' dir='ltr'><strong>grammaticae</strong></span> <span class='ocrx_word' id='word_1_321' title='bbox 1992 4145 2273 4214; x_wconf 87' lang='lat' dir='ltr'><strong>rationes</strong></span> <span class='ocrx_word' id='word_1_322' title='bbox 2318 4144 2695 4238; x_wconf 80' lang='lat' dir='ltr'><strong>plerumque</strong></span> 
     </span>
     <span class='ocr_line' id='line_1_36' title="bbox 439 4249 2063 4341; baseline 0.002 -23"><span class='ocrx_word' id='word_1_323' title='bbox 439 4257 634 4329; x_wconf 87' lang='lat' dir='ltr'><strong>certe,</strong></span> <span class='ocrx_word' id='word_1_324' title='bbox 681 4249 732 4317; x_wconf 84' lang='lat' dir='ltr'><strong>si</strong></span> <span class='ocrx_word' id='word_1_325' title='bbox 779 4272 904 4318; x_wconf 89' lang='lat' dir='ltr'><strong>non</strong></span> <span class='ocrx_word' id='word_1_326' title='bbox 953 4272 1223 4341; x_wconf 84' lang='lat' dir='ltr'><strong>semper,</strong></span> <span class='ocrx_word' id='word_1_327' title='bbox 1269 4253 1668 4320; x_wconf 87' lang='lat' dir='ltr'><strong>conveniunt.</strong></span> <span class='ocrx_word' id='word_1_328' title='bbox 1972 4268 1977 4273; x_wconf 82' lang='lat'><em>&#39;</em></span> <span class='ocrx_word' id='word_1_329' title='bbox 2057 4273 2063 4278; x_wconf 86' lang='lat'><em>·</em></span> 
     </span>
    </p>

    <p class='ocr_par' dir='ltr' id='par_1_4' title="bbox 438 4355 2695 4556">
     <span class='ocr_line' id='line_1_37' title="bbox 615 4355 2695 4449; baseline 0.001 -23"><span class='ocrx_word' id='word_1_330' title='bbox 615 4359 958 4426; x_wconf 84' lang='lat' dir='ltr'><strong>Praeterea</strong></span> <span class='ocrx_word' id='word_1_331' title='bbox 1003 4355 1426 4426; x_wconf 84' lang='lat' dir='ltr'><strong>annotandum</strong></span> <span class='ocrx_word' id='word_1_332' title='bbox 1472 4355 1751 4438; x_wconf 80' lang='lat' dir='ltr'><strong>videtur,</strong></span> <span class='ocrx_word' id='word_1_333' title='bbox 1804 4356 2157 4448; x_wconf 84' lang='lat' dir='ltr'><strong>Rogerium</strong></span> <span class='ocrx_word' id='word_1_334' title='bbox 2214 4363 2470 4449; x_wconf 85' lang='lat' dir='ltr'><strong>praeter</strong></span> <span class='ocrx_word' id='word_1_335' title='bbox 2528 4356 2695 4428; x_wconf 82' lang='lat' dir='ltr'><strong>hunc</strong></span> 
     </span>
     <span class='ocr_line' id='line_1_38' title="bbox 438 4462 2694 4556; baseline -0 -23"><span class='ocrx_word' id='word_1_336' title='bbox 438 4463 838 4536; x_wconf 78' lang='lat' dir='ltr'><strong>relativarum</strong></span> <span class='ocrx_word' id='word_1_337' title='bbox 897 4463 1402 4536; x_wconf 82' lang='lat' dir='ltr'><strong>enunciationum</strong></span> <span class='ocrx_word' id='word_1_338' title='bbox 1459 4462 2173 4535; x_wconf 83' lang='lat' dir='ltr'><strong>circumscribendarum</strong></span> <span class='ocrx_word' id='word_1_339' title='bbox 2238 4462 2438 4553; x_wconf 77' lang='lat' dir='ltr'><strong>magis</strong></span> <span class='ocrx_word' id='word_1_340' title='bbox 2504 4485 2694 4556; x_wconf 84' lang='lat' dir='ltr'><strong>quam</strong></span> 
     </span>
    </p>
   </div>
  </div>
 </body>
</html>
