3225 5259
1427 368 1520 435 35

343 565 596 633 werden
653 562 879 659 heffen.
983 561 1112 632 Sed
1171 558 1542 631 vertendum
1597 560 1873 631 videtur:
1936 562 2294 652 propinqui
2350 560 2605 651 quidem

342 670 665 739 habebunt
709 692 900 759 span,
945 668 1066 749 vei,
1113 668 1164 737 si
1212 690 1430 737 vocem
1477 667 1556 737 σέ
1600 668 1891 760 respicis:
1948 668 2304 758 propinqui
2346 667 2604 758 quidem

341 780 580 860 (sunt);
624 775 842 865 itaque
885 776 1206 845 habebunt
1249 797 1438 865 spem.
1510 775 1910 869 Quamquam
1956 773 2037 841 εἴ
2082 773 2329 865 saepius
2370 774 2457 843 ite
2500 773 2603 842 in-

343 879 620 961 venitur,
682 889 753 949 ut
809 890 1054 949 tantum
1100 880 1384 971 subjecto
1427 874 1677 973 pondus
1724 878 2037 973 quoddam
2082 879 2380 948 attribuat
2424 879 2601 965 (Schi

341 986 492 1077 king
537 986 623 1067 ΙΙ,
670 989 734 1068 4,
767 988 832 1070 9,
863 989 977 1071 5.).
1027 1026 1104 1037 —
1178 988 1518 1055 Praeterea
1563 986 1643 1055 E.
1692 984 1958 1053 conferri
2002 984 2133 1055 vuit
2171 980 2263 1053 Ὅ.
2292 986 2353 1054 J.
2399 986 2485 1068 ΙΙ,
2517 987 2601 1069 2.,

338 1090 448 1163 ubi
495 1092 725 1182 legitur
769 1093 924 1161 kion
972 1082 1045 1182 ες)
1087 1089 1163 1161 ‘ci
1205 1087 1391 1181 ‘cfiny
1419 1090 1596 1181 ,ἰτέης
1640 1094 1707 1176 (1
1736 1114 1797 1169 n,
1831 1115 1889 1169 o,
1922 1115 1981 1170 e,
2012 1093 2141 1171 411,
2171 1096 2240 1175 o)
2288 1101 2353 1159 et
2394 1090 2599 1184 paullo

337 1208 482 1293 post
528 1200 666 1268 εἰᾶο
707 1196 837 1290 ‘sin
879 1194 958 1265 ‘ci
1002 1200 1070 1282 (1
1099 1219 1152 1276 r,
1185 1220 1236 1277 S,
1271 1203 1368 1282 e),
1427 1198 1592 1290 quod
1642 1198 2057 1267 verisimiliter
2101 1199 2179 1265 E.
2226 1197 2380 1266 verti
2435 1198 2598 1266 vultt

337 1306 452 1395 qui
497 1306 752 1396 sapiens
798 1304 938 1394 (est)
995 1304 1064 1373 in
1121 1304 1328 1372 medio
1389 1318 1642 1373 constat
1666 1305 1723 1389 *J
1782 1314 1847 1372 et
1906 1304 2022 1395 qui
2076 1303 2351 1395 inferior
2406 1304 2595 1373 homo

335 1412 497 1503 (est).
589 1410 720 1479 Sed
766 1398 1095 1478 vertimus:
1155 1410 1412 1501 sapiens
1468 1410 1725 1505 quidem
1756 1463 1773 1479 .
1806 1462 1822 1479 .
1857 1463 1873 1479 .
1904 1409 2178 1502 inferior
2225 1402 2465 1477 autem:
2515 1451 2593 1465 -

335 1542 392 1610 p.
440 1518 572 1586 272
612 1514 744 1607 ‘sin
785 1512 865 1585 ἐἰ
907 1527 1013 1584 uei
1060 1519 1166 1585 εάο
1214 1520 1281 1600 (1
1309 1539 1358 1597 S,
1393 1539 1451 1597 e,
1483 1518 1609 1608 4p,
1644 1521 1710 1601 v)
1754 1518 1856 1587 die
1898 1516 2104 1606 Περεῖ,
2150 1514 2375 1583 welche
2402 1516 2593 1585 Mm-

336 1625 524 1693 schen
570 1622 854 1691 machon.
931 1620 1060 1690 Sed
1105 1631 1302 1691 totam
1350 1645 1388 1690 e
1434 1621 1593 1692 libro
1627 1619 1845 1713 ‘Cung
1872 1623 2046 1710 Jung
2074 1622 2259 1703 XIII,
2309 1623 2368 1688 1.
2413 1644 2593 1689 sum-

333 1741 462 1800 tom
520 1730 623 1799 hio
679 1726 1104 1797 describamus
1163 1726 1538 1796 sententium
1595 1750 1861 1817 necesse
1921 1737 2052 1796 est:
2114 1731 2221 1797 εαό
2267 1726 2367 1817 p&
2413 1724 2591 1817 jaim

327 1835 493 1927 Tin,-
531 1831 662 1927 ‘sin
703 1829 782 1901 ‘ci
824 1846 931 1903 uei
977 1834 1084 1903 tad
1132 1834 1234 1901 orl
1261 1830 1440 1923 judn
1476 1830 1629 1923 ‘sm
1674 1832 1767 1923 psi
1792 1833 1891 1901 k'o
1936 1834 2097 1901 inei
2128 1836 2234 1903 ιαό
2267 1834 2342 1918 (4
2364 1855 2419 1913 v,
2444 1831 2590 1913 d,k,

335 1944 368 2008 1
397 1964 448 2024 s,
479 1963 531 2021 S,
563 1963 622 2021 e,
654 1942 784 2031 4p,
815 1963 872 2021 v,
903 1941 945 2007 2
967 1964 1032 2020 x,
1064 1939 1195 2021 4k,
1231 1942 1264 2005 1
1293 1960 1340 2015 s,
1362 1937 1487 2017 4d,
1523 1942 1556 2006 1
1583 1938 1624 2020 i,
1657 1940 1719 2016 k,
1749 1941 1794 2006 4
1818 1963 1879 2031 p,
1911 1943 1994 2023 v).
2019 1939 2241 2007 =Ratio
2266 1940 2590 2029 (suprema

313 2050 450 2117 ‘das
485 2045 1076 2138 Vernunftprinzip)
1109 2068 1244 2113 non
1277 2044 1487 2113 aliena
1519 2046 1656 2134 (ab)
1680 2044 2041 2113 hominibus
2051 2069 2078 2123 ,·
2121 2046 2405 2115 homines
2436 2049 2588 2137 qui-

328 2156 468 2223 dom
522 2152 775 2246 faciunt
828 2151 976 2242 (suo
1025 2151 1320 2241 arbitrio)
1369 2151 1592 2240 leqem,
1644 2151 1863 2241 itaque
1913 2148 2123 2241 (haec)
2180 2152 2394 2221 aliena
2450 2152 2587 2244 (ab)

326 2259 723 2337 hominibu83
766 2283 900 2328 non
943 2270 1148 2347 potest
1189 2258 1412 2325 haberi
1458 2257 1580 2325 lex.
1659 2258 1879 2351 Itaque
1926 2256 2025 2325 bie
2069 2279 2318 2351 quoque
2358 2255 2471 2339 ἐξ,
2515 2269 2587 2328 ut

325 2386 598 2457 semper,
645 2387 770 2432 non
820 2373 918 2433 est
964 2384 1182 2431 verum
1228 2384 1576 2454 pronomen
1625 2362 1969 2442 relativum,
2016 2362 2125 2431 sed
2173 2364 2380 2456 potius
2426 2388 2584 2457 pro—

324 2470 460 2564 prie
508 2468 1088 2550 demonstrativum,
1133 2467 1306 2561 quod
1353 2468 1730 2561 saepissime,
1765 2491 1962 2561 quum
1996 2492 2217 2559 voeum
2248 2480 2583 2540 construe·-

323 2576 583 2655 tionem‚
629 2573 1014 2655 attributum,
1061 2572 1403 2664 genitivum
1435 2584 1500 2644 et
1529 2574 1883 2664 subjectum
1916 2574 2195 2655 denotet,
2240 2587 2430 2669 atque
2460 2577 2606 2645 eli-⁴

322 2682 572 2778 quando
617 2682 874 2751 vocibus
919 2682 1116 2774 majus
1160 2683 1461 2752 attribuet
1504 2679 1769 2774 ponduS,
1816 2690 1925 2750 out
1970 2705 2079 2751 ees
2124 2680 2255 2751 eliis
2285 2672 2581 2776 opponat,

323 2780 630 2882 positione
675 2812 786 2857 sua
833 2789 906 2857 rit
949 2788 1296 2865 relativum.
1373 2790 1590 2870 Quum
1638 2786 2001 2858 adverbium
2030 2788 2111 2856 sit
2139 2798 2437 2883 tanquam
2483 2799 2575 2859 at-

319 2882 620 2965 tributum
665 2894 858 2975 verbi,
905 2895 1130 2963 mirum
1173 2893 1366 2963 videri
1414 2917 1538 2962 non
1585 2904 1817 2985 potest,
1864 2892 2031 2987 quod
2078 2904 2217 2986 post
2262 2896 2381 2964 hoe
2411 2919 2575 2989 quo-

320 3022 444 3093 que
490 2999 819 3068 invenitur.
891 2998 1134 3070 Eadem
1179 3000 1422 3071 ratione
1455 3001 1705 3091 legitur,
1751 2986 1890 3091 pos't
1936 3023 2165 3070 nomen
2210 3001 2270 3071 in
2320 3002 2575 3071 iocativo

319 3114 430 3174 aut
475 3102 592 3173 elio
638 3104 908 3198 quodem
955 3129 1102 3178 casu
1149 3105 1479 3177 adverbiali
1526 3107 1586 3175 in
1636 3107 1839 3198 capite
1887 3107 2233 3177 sententiae
2278 3106 2573 3200 positum,

301 3221 390 3280 ut
417 3211 566 3279 Sebi
604 3211 755 3301 king
787 3213 904 3294 111,
940 3217 998 3294 1,
1038 3217 1098 3295 1,
1133 3216 1194 3281 3.
1236 3210 1316 3283 ‘si
1353 3210 1432 3282 ‘ci
1475 3214 1548 3298 (4
1571 3236 1633 3305 q,
1668 3216 1701 3279 1
1730 3218 1795 3297 e)
1828 3265 1847 3281 .
1879 3264 1895 3281 .
1930 3265 1947 3281 .
1982 3237 2104 3304 per
2150 3215 2369 3284 omnia
2414 3228 2572 3282 tem-

307 3341 482 3411 pora
515 3325 632 3387 etc.
703 3318 906 3388 Immo
937 3320 1248 3389 invenitur
1281 3317 1365 3389 ‘ci
1396 3329 1537 3412 post
1579 3319 1827 3388 nomine
1858 3318 2419 3413 praepositionibus
2464 3320 2570 3387 in-

316 3435 581 3505 structa,
641 3448 804 3519 quae
849 3436 1146 3520 tanquam
1191 3424 1484 3497 adverbia
1529 3424 1911 3495 antecedunt
1954 3424 2248 3505 verbum,
2307 3436 2377 3494 ut
2420 3449 2569 3495 mox

315 3532 675 3625 exemplum
719 3532 1080 3600 afferemus.
1172 3532 1522 3625 Participie,
1567 3554 1760 3625 quum
1808 3532 1929 3600 sint
1976 3530 2291 3612 attributo,
2331 3528 2411 3599 ‘ci
2456 3554 2567 3600 ec-

312 3638 524 3731 eipere
571 3648 857 3730 possunt,
906 3636 986 3705 de
1031 3662 1156 3731 quo
1201 3639 1378 3733 plura
1423 3638 1600 3707 infre.
1661 3676 1737 3689 --
1806 3637 1907 3706 An
1948 3634 2028 3705 ‘ci
2083 3637 2250 3705 inter
2306 3635 2565 3706 verbum

315 3754 382 3813 et
427 3744 744 3836 objectum
787 3752 1077 3835 ponatur,
1123 3744 1359 3815 dubito.
1432 3742 1625 3828 Quod
1670 3754 1877 3812 tamen
1909 3743 2157 3813 videtur
2196 3742 2257 3811 in
2290 3742 2381 3812 his
2414 3742 2567 3813 iocis

310 3852 562 3947 fectum.
610 3850 755 3920 Scbi
789 3850 940 3941 king
970 3850 1057 3930 ΙΙ,
1085 3852 1148 3931 4,
1162 3852 1225 3932 8,
1240 3853 1301 3918 5.
1347 3850 1610 3941 legitur:
1660 3862 1760 3920 sin
1798 3846 1874 3920 ‘ci‘
1896 3848 2038 3919 ἐᾰη
2068 3862 2246 3940 minq
2275 3852 2348 3936 (4
2368 3874 2419 3929 r,
2453 3853 2564 3931 ie,

309 3959 354 4023 4
373 3978 424 4036 s,
453 3964 508 4041 t)
554 3969 880 4027 arcessunt
925 3956 1321 4026 somniorum
1366 3958 1747 4047 interpretes.
1838 3956 1966 4025 Sed
2014 3978 2050 4024 e
2082 3956 2365 4025 Scbottio
2411 3979 2467 4024 ν.
2498 3954 2563 4024 d.

449 4239 500 4311 ‘J
538 4236 890 4311 Quamquam
933 4238 1152 4297 easdem
1179 4254 1338 4295 voces
1362 4237 1442 4315 E,
1477 4255 1710 4313 peccans
1736 4241 1923 4296 eontra
1944 4239 2155 4317 legem,
2175 4253 2345 4311 quam
2372 4254 2426 4311 p.
2451 4236 2559 4293 270

257 4352 262 4357 ·
303 4324 477 4400 dedit,
517 4317 598 4385 ‘ci
642 4329 908 4397 tanquam
953 4328 1264 4401 subjectum
1310 4328 1474 4399 sequi
1517 4326 1749 4384 verbum
1798 4328 2229 4399 intransitivum,
2275 4327 2355 4381 ita
2397 4326 2558 4381 vertit

301 4432 355 4487 p.
395 4416 497 4471 359
534 4416 636 4471 der
675 4414 887 4485 Weise,
928 4414 1162 4473 welcher-
1199 4416 1290 4472 die
1325 4414 1518 4472 νεεΙιεε
1555 4416 1714 4472 Mitte
1749 4416 1885 4491 lum,
1932 4418 1969 4472 i.
2005 4432 2050 4471 e.
2094 4416 2156 4472 in
2190 4417 2292 4472 der
2329 4412 2559 4470 rechten

301 4500 462 4561 nme
491 4503 658 4562 εεεΙιε.

2016 4594 2057 4659 3
2084 4592 2109 4619 ,ι
