<?xml version="1.0" encoding="UTF-8"?>
<!DOCTYPE html PUBLIC "-//W3C//DTD XHTML 1.0 Transitional//EN"
    "http://www.w3.org/TR/xhtml1/DTD/xhtml1-transitional.dtd">
<html xmlns="http://www.w3.org/1999/xhtml" xml:lang="en" lang="en">
 <head>
  <title>
</title>
<meta http-equiv="Content-Type" content="text/html;charset=utf-8" />
  <meta name='ocr-system' content='tesseract 3.04.00' />
  <meta name='ocr-capabilities' content='ocr_page ocr_carea ocr_par ocr_line ocrx_word'/>
</head>
<body>
  <div class='ocr_page' id='page_1' title='image "./depronominerela00steigoog_0052.png"; bbox 0 0 3225 5259; ppageno 0'>
   <div class='ocr_carea' id='block_1_1' title="bbox 1734 365 1823 428">
    <p class='ocr_par' dir='ltr' id='par_1_1' title="bbox 1734 365 1823 428">
     <span class='ocr_line' id='line_1_1' title="bbox 1734 365 1823 428; baseline 0 0"><span class='ocrx_word' id='word_1_1' title='bbox 1734 365 1823 428; x_wconf 88' lang='grc'><strong>50</strong></span> 
     </span>
    </p>
   </div>
   <div class='ocr_carea' id='block_1_2' title="bbox 635 540 2927 4560">
    <p class='ocr_par' dir='ltr' id='par_1_2' title="bbox 638 540 2913 758">
     <span class='ocr_line' id='line_1_2' title="bbox 639 540 2913 649; baseline -0.007 -15"><span class='ocrx_word' id='word_1_2' title='bbox 639 555 746 634; x_wconf 63' lang='grc' dir='ltr'>Ιιον</span> <span class='ocrx_word' id='word_1_3' title='bbox 800 561 935 633; x_wconf 88' lang='lat' dir='ltr'><strong>dies</strong></span> <span class='ocrx_word' id='word_1_4' title='bbox 991 576 1212 640; x_wconf 87' lang='lat' dir='ltr'>HO0Y;</span> <span class='ocrx_word' id='word_1_5' title='bbox 1281 561 1414 628; x_wconf 57' lang='grc' dir='ltr'><strong>Μῦν</strong></span> <span class='ocrx_word' id='word_1_6' title='bbox 1473 540 1677 649; x_wconf 82' lang='lat' dir='ltr'><strong>equus</strong></span> <span class='ocrx_word' id='word_1_7' title='bbox 1733 569 1899 626; x_wconf 84' lang='grc' dir='ltr'><strong>ΗΤΟ.</strong></span> <span class='ocrx_word' id='word_1_8' title='bbox 1980 574 2049 620; x_wconf 80' lang='lat' dir='ltr'><strong>er</strong></span> <span class='ocrx_word' id='word_1_9' title='bbox 2120 573 2273 622; x_wconf 89' lang='lat' dir='ltr'><strong>vero</strong></span> <span class='ocrx_word' id='word_1_10' title='bbox 2340 573 2491 620; x_wconf 85' lang='lat' dir='ltr'><strong>num</strong></span> <span class='ocrx_word' id='word_1_11' title='bbox 2560 550 2913 642; x_wconf 79' lang='lat' dir='ltr'>pronomini</span> 
     </span>
     <span class='ocr_line' id='line_1_3' title="bbox 638 661 1631 758; baseline -0.007 -20"><span class='ocrx_word' id='word_1_12' title='bbox 638 668 822 738; x_wconf 82' lang='lat' dir='ltr'><strong>alicui</strong></span> <span class='ocrx_word' id='word_1_13' title='bbox 871 675 1211 758; x_wconf 84' lang='lat' dir='ltr'><strong>cognatum</strong></span> <span class='ocrx_word' id='word_1_14' title='bbox 1255 664 1354 744; x_wconf 88' lang='lat' dir='ltr'><strong>sit,</strong></span> <span class='ocrx_word' id='word_1_15' title='bbox 1401 661 1631 732; x_wconf 88' lang='lat' dir='ltr'><strong>nescio</strong></span> 
     </span>
    </p>

    <p class='ocr_par' dir='ltr' id='par_1_3' title="bbox 635 762 2925 3278">
     <span class='ocr_line' id='line_1_4' title="bbox 819 762 2915 867; baseline -0.008 -23"><span class='ocrx_word' id='word_1_16' title='bbox 819 776 1046 867; x_wconf 86' lang='lat' dir='ltr'><strong>Itaque</strong></span> <span class='ocrx_word' id='word_1_17' title='bbox 1091 770 1422 842; x_wconf 86' lang='lat' dir='ltr'><strong>relativum</strong></span> <span class='ocrx_word' id='word_1_18' title='bbox 1463 769 1522 840; x_wconf 93' lang='lat' dir='ltr'>N</span> <span class='ocrx_word' id='word_1_19' title='bbox 1560 776 1629 836; x_wconf 88' lang='lat' dir='ltr'><strong>et</strong></span> <span class='ocrx_word' id='word_1_20' title='bbox 1670 768 1719 840; x_wconf 77' lang='lat' dir='ltr'>E</span> <span class='ocrx_word' id='word_1_21' title='bbox 1767 765 1829 833; x_wconf 89' lang='lat' dir='ltr'><strong>in</strong></span> <span class='ocrx_word' id='word_1_22' title='bbox 1876 762 2249 833; x_wconf 79' lang='lat' dir='ltr'><strong>attributivis</strong></span> <span class='ocrx_word' id='word_1_23' title='bbox 2302 769 2549 831; x_wconf 85' lang='lat' dir='ltr'><strong>tantum</strong></span> <span class='ocrx_word' id='word_1_24' title='bbox 2612 781 2915 854; x_wconf 86' lang='lat' dir='ltr'><strong>compre·-</strong></span> 
     </span>
     <span class='ocr_line' id='line_1_5' title="bbox 641 865 2915 961; baseline -0.007 -11"><span class='ocrx_word' id='word_1_25' title='bbox 641 879 1056 950; x_wconf 88' lang='lat' dir='ltr'><strong>hensionibus</strong></span> <span class='ocrx_word' id='word_1_26' title='bbox 1101 875 1376 945; x_wconf 85' lang='lat' dir='ltr'><strong>adhibita</strong></span> <span class='ocrx_word' id='word_1_27' title='bbox 1423 883 1602 956; x_wconf 74' lang='lat' dir='ltr'><strong>sunt:</strong></span> <span class='ocrx_word' id='word_1_28' title='bbox 1658 871 1809 940; x_wconf 89' lang='lat' dir='ltr'><strong>alias</strong></span> <span class='ocrx_word' id='word_1_29' title='bbox 1852 873 1909 942; x_wconf 98' lang='lat' dir='ltr'>N</span> <span class='ocrx_word' id='word_1_30' title='bbox 1958 879 2025 938; x_wconf 90' lang='lat' dir='ltr'><strong>et</strong></span> <span class='ocrx_word' id='word_1_31' title='bbox 2068 871 2116 943; x_wconf 72' lang='grc' dir='ltr'>Ε</span> <span class='ocrx_word' id='word_1_32' title='bbox 2152 875 2299 938; x_wconf 86' lang='lat' dir='ltr'><strong>sunt</strong></span> <span class='ocrx_word' id='word_1_33' title='bbox 2344 889 2533 940; x_wconf 86' lang='lat' dir='ltr'><strong>verae</strong></span> <span class='ocrx_word' id='word_1_34' title='bbox 2576 865 2915 961; x_wconf 81' lang='lat' dir='ltr'><strong>praeposi-</strong></span> 
     </span>
     <span class='ocr_line' id='line_1_6' title="bbox 640 960 2915 1073; baseline -0.006 -18"><span class='ocrx_word' id='word_1_35' title='bbox 640 987 863 1058; x_wconf 87' lang='lat' dir='ltr'><strong>tiones.</strong></span> <span class='ocrx_word' id='word_1_36' title='bbox 937 983 1069 1057; x_wconf 86' lang='lat' dir='ltr'><strong>Sed</strong></span> <span class='ocrx_word' id='word_1_37' title='bbox 1115 984 1381 1052; x_wconf 83' lang='lat' dir='ltr'><strong>fortasse</strong></span> <span class='ocrx_word' id='word_1_38' title='bbox 1428 978 1737 1073; x_wconf 77' lang='lat' dir='ltr'><strong>quispiam</strong></span> <span class='ocrx_word' id='word_1_39' title='bbox 1783 960 2035 1056; x_wconf 82' lang='lat' dir='ltr'>dixerit,</span> <span class='ocrx_word' id='word_1_40' title='bbox 2081 973 2335 1065; x_wconf 78' lang='lat' dir='ltr'><strong>genitivi</strong></span> <span class='ocrx_word' id='word_1_41' title='bbox 2381 972 2628 1064; x_wconf 76' lang='lat' dir='ltr'><strong>signum</strong></span> <span class='ocrx_word' id='word_1_42' title='bbox 2656 976 2715 1044; x_wconf 90' lang='lat' dir='ltr'>N</span> <span class='ocrx_word' id='word_1_43' title='bbox 2742 971 2915 1042; x_wconf 86' lang='lat' dir='ltr'><strong>idem</strong></span> 
     </span>
     <span class='ocr_line' id='line_1_7' title="bbox 645 1077 2914 1184; baseline -0.008 -22"><span class='ocrx_word' id='word_1_44' title='bbox 645 1113 786 1162; x_wconf 83' lang='lat' dir='ltr'><strong>esse</strong></span> <span class='ocrx_word' id='word_1_45' title='bbox 831 1088 1388 1184; x_wconf 82' lang='lat' dir='ltr'><strong>praepositionem,</strong></span> <span class='ocrx_word' id='word_1_46' title='bbox 1437 1089 1533 1166; x_wconf 84' lang='lat' dir='ltr'><strong>de,</strong></span> <span class='ocrx_word' id='word_1_47' title='bbox 1581 1107 1685 1162; x_wconf 76' lang='lat' dir='ltr'><strong>ex,</strong></span> <span class='ocrx_word' id='word_1_48' title='bbox 1736 1085 1837 1152; x_wconf 84' lang='lat' dir='ltr'><strong>ab.</strong></span> <span class='ocrx_word' id='word_1_49' title='bbox 1918 1079 2110 1164; x_wconf 85' lang='lat' dir='ltr'><strong>Quod</strong></span> <span class='ocrx_word' id='word_1_50' title='bbox 2143 1077 2535 1148; x_wconf 84' lang='lat' dir='ltr'><strong>verisimilius</strong></span> <span class='ocrx_word' id='word_1_51' title='bbox 2578 1077 2671 1158; x_wconf 79' lang='lat' dir='ltr'><strong>fit,</strong></span> <span class='ocrx_word' id='word_1_52' title='bbox 2716 1099 2914 1172; x_wconf 89' lang='lat' dir='ltr'><strong>quum</strong></span> 
     </span>
     <span class='ocr_line' id='line_1_8' title="bbox 645 1184 2915 1286; baseline -0.006 -20"><span class='ocrx_word' id='word_1_53' title='bbox 645 1193 1149 1276; x_wconf 88' lang='lat' dir='ltr'><strong>consideremus,</strong></span> <span class='ocrx_word' id='word_1_54' title='bbox 1206 1193 1433 1286; x_wconf 86' lang='lat' dir='ltr'><strong>scripta</strong></span> <span class='ocrx_word' id='word_1_55' title='bbox 1497 1211 1638 1259; x_wconf 89' lang='lat' dir='ltr'><strong>esse</strong></span> <span class='ocrx_word' id='word_1_56' title='bbox 1697 1186 2123 1280; x_wconf 80' lang='lat' dir='ltr'><strong>hieroglyphis</strong></span> <span class='ocrx_word' id='word_1_57' title='bbox 2178 1185 2367 1257; x_wconf 86' lang='lat' dir='ltr'><strong>talia:</strong></span> <span class='ocrx_word' id='word_1_58' title='bbox 2426 1187 2491 1254; x_wconf 79' lang='lat' dir='ltr'><strong>b</strong></span> <span class='ocrx_word' id='word_1_59' title='bbox 2488 1184 2589 1283; x_wconf 64' lang='lat' dir='ltr'><strong>tri</strong></span> <span class='ocrx_word' id='word_1_60' title='bbox 2630 1197 2721 1252; x_wconf 73' lang='lat' dir='ltr'><strong>‘m</strong></span> <span class='ocrx_word' id='word_1_61' title='bbox 2776 1185 2915 1253; x_wconf 74' lang='lat' dir='ltr'><strong>nub</strong></span> 
     </span>
     <span class='ocr_line' id='line_1_9' title="bbox 645 1289 2915 1391; baseline -0.007 -19"><span class='ocrx_word' id='word_1_62' title='bbox 645 1325 866 1372; x_wconf 86' lang='lat' dir='ltr'><strong>currus</strong></span> <span class='ocrx_word' id='word_1_63' title='bbox 901 1325 984 1372; x_wconf 84' lang='lat' dir='ltr'><strong>ex</strong></span> <span class='ocrx_word' id='word_1_64' title='bbox 1015 1324 1189 1378; x_wconf 88' lang='lat' dir='ltr'><strong>auro,</strong></span> <span class='ocrx_word' id='word_1_65' title='bbox 1215 1301 1401 1391; x_wconf 90' lang='lat' dir='ltr'><strong>Copt.</strong></span> <span class='ocrx_word' id='word_1_66' title='bbox 1433 1304 1657 1370; x_wconf 77' lang='lat' dir='ltr'><strong>BREHI</strong></span> <span class='ocrx_word' id='word_1_67' title='bbox 1690 1294 1747 1365; x_wconf 89' lang='lat' dir='ltr'>N</span> <span class='ocrx_word' id='word_1_68' title='bbox 1780 1307 2003 1377; x_wconf 80' lang='lat' dir='ltr'>NOYB,</span> <span class='ocrx_word' id='word_1_69' title='bbox 2032 1291 2200 1386; x_wconf 90' lang='lat' dir='ltr'><strong>quod</strong></span> <span class='ocrx_word' id='word_1_70' title='bbox 2233 1289 2514 1360; x_wconf 77' lang='lat' dir='ltr'><strong>Hebraei</strong></span> <span class='ocrx_word' id='word_1_71' title='bbox 2548 1297 2717 1358; x_wconf 89' lang='lat' dir='ltr'><strong>statu</strong></span> <span class='ocrx_word' id='word_1_72' title='bbox 2751 1312 2915 1358; x_wconf 87' lang='lat' dir='ltr'><strong>con-</strong></span> 
     </span>
     <span class='ocr_line' id='line_1_10' title="bbox 645 1395 2915 1494; baseline -0.006 -17"><span class='ocrx_word' id='word_1_73' title='bbox 645 1416 886 1477; x_wconf 85' lang='lat' dir='ltr'><strong>structo</strong></span> <span class='ocrx_word' id='word_1_74' title='bbox 931 1415 1221 1484; x_wconf 86' lang='lat' dir='ltr'><strong>vertunt:</strong></span> <span class='ocrx_word' id='word_1_75' title='bbox 1280 1408 1421 1494; x_wconf 67' lang='lat' dir='ltr'><strong>:an</strong></span> <span class='ocrx_word' id='word_1_76' title='bbox 1459 1404 1741 1494; x_wconf 57' lang='grc' dir='ltr'><strong>βῼξᾛρ</strong></span> <span class='ocrx_word' id='word_1_77' title='bbox 1800 1421 2023 1468; x_wconf 83' lang='lat' dir='ltr'><strong>currus</strong></span> <span class='ocrx_word' id='word_1_78' title='bbox 2068 1397 2222 1466; x_wconf 87' lang='lat' dir='ltr'><strong>auri.</strong></span> <span class='ocrx_word' id='word_1_79' title='bbox 2312 1395 2405 1466; x_wconf 85' lang='lat' dir='ltr'><strong>At</strong></span> <span class='ocrx_word' id='word_1_80' title='bbox 2452 1395 2795 1486; x_wconf 84' lang='lat' dir='ltr'><strong>genitivum</strong></span> <span class='ocrx_word' id='word_1_81' title='bbox 2839 1417 2915 1464; x_wconf 84' lang='lat' dir='ltr'><strong>re</strong></span> 
     </span>
     <span class='ocr_line' id='line_1_11' title="bbox 646 1501 2917 1632; baseline -0.006 -49"><span class='ocrx_word' id='word_1_82' title='bbox 646 1531 795 1584; x_wconf 82' lang='lat' dir='ltr'><strong>vera</strong></span> <span class='ocrx_word' id='word_1_83' title='bbox 840 1513 1214 1632; x_wconf 83' lang='lat' dir='ltr'><strong>pronomine</strong></span> <span class='ocrx_word' id='word_1_84' title='bbox 1263 1507 1553 1588; x_wconf 84' lang='lat' dir='ltr'><strong>describi,</strong></span> <span class='ocrx_word' id='word_1_85' title='bbox 1599 1508 1763 1575; x_wconf 88' lang='lat' dir='ltr'><strong>miro</strong></span> <span class='ocrx_word' id='word_1_86' title='bbox 1804 1503 1993 1573; x_wconf 89' lang='lat' dir='ltr'><strong>modo</strong></span> <span class='ocrx_word' id='word_1_87' title='bbox 2042 1502 2459 1594; x_wconf 72' lang='lat' dir='ltr'><strong>hieroglyphis</strong></span> <span class='ocrx_word' id='word_1_88' title='bbox 2490 1501 2917 1572; x_wconf 84' lang='lat' dir='ltr'><strong>confirmatur.</strong></span> 
     </span>
     <span class='ocr_line' id='line_1_12' title="bbox 647 1607 2916 1715; baseline -0.007 -25"><span class='ocrx_word' id='word_1_89' title='bbox 647 1621 916 1715; x_wconf 87' lang='lat' dir='ltr'><strong>Lepsius</strong></span> <span class='ocrx_word' id='word_1_90' title='bbox 963 1618 1156 1700; x_wconf 89' lang='lat' dir='ltr'><strong>enim,</strong></span> <span class='ocrx_word' id='word_1_91' title='bbox 1203 1639 1258 1684; x_wconf 86' lang='lat' dir='ltr'><strong>v.</strong></span> <span class='ocrx_word' id='word_1_92' title='bbox 1293 1615 1353 1686; x_wconf 92' lang='lat' dir='ltr'><strong>d.</strong></span> <span class='ocrx_word' id='word_1_93' title='bbox 1385 1639 1442 1683; x_wconf 89' lang='lat' dir='ltr'><strong>a.</strong></span> <span class='ocrx_word' id='word_1_94' title='bbox 1479 1636 1555 1693; x_wconf 89' lang='lat' dir='ltr'><strong>c.,</strong></span> <span class='ocrx_word' id='word_1_95' title='bbox 1603 1612 1781 1703; x_wconf 89' lang='lat' dir='ltr'><strong>cujus</strong></span> <span class='ocrx_word' id='word_1_96' title='bbox 1828 1609 2047 1698; x_wconf 86' lang='lat' dir='ltr'><strong>studiis</strong></span> <span class='ocrx_word' id='word_1_97' title='bbox 2092 1608 2653 1700; x_wconf 75' lang='lat' dir='ltr'><strong>hieroglyphorum</strong></span> <span class='ocrx_word' id='word_1_98' title='bbox 2682 1607 2916 1698; x_wconf 79' lang='lat' dir='ltr'><strong>cogni·-</strong></span> 
     </span>
     <span class='ocr_line' id='line_1_13' title="bbox 635 1713 2917 1804; baseline -0.006 -9"><span class='ocrx_word' id='word_1_99' title='bbox 635 1727 738 1804; x_wconf 68' lang='lat' dir='ltr'><strong>‚tio</strong></span> <span class='ocrx_word' id='word_1_100' title='bbox 785 1725 1100 1796; x_wconf 84' lang='lat' dir='ltr'><strong>maximae</strong></span> <span class='ocrx_word' id='word_1_101' title='bbox 1145 1743 1299 1791; x_wconf 82' lang='lat' dir='ltr'><strong>sane</strong></span> <span class='ocrx_word' id='word_1_102' title='bbox 1345 1721 1672 1788; x_wconf 88' lang='lat' dir='ltr'><strong>literarum</strong></span> <span class='ocrx_word' id='word_1_103' title='bbox 1720 1717 1903 1785; x_wconf 86' lang='lat' dir='ltr'><strong>saluti</strong></span> <span class='ocrx_word' id='word_1_104' title='bbox 1950 1715 2013 1787; x_wconf 88' lang='lat' dir='ltr'><strong>in</strong></span> <span class='ocrx_word' id='word_1_105' title='bbox 2048 1714 2449 1792; x_wconf 78' lang='lat' dir='ltr'><strong>Germaniam</strong></span> <span class='ocrx_word' id='word_1_106' title='bbox 2493 1713 2801 1802; x_wconf 81' lang='lat' dir='ltr'><strong>migravit,</strong></span> <span class='ocrx_word' id='word_1_107' title='bbox 2850 1713 2917 1781; x_wconf 89' lang='lat' dir='ltr'><strong>in</strong></span> 
     </span>
     <span class='ocr_line' id='line_1_14' title="bbox 649 1819 2920 1916; baseline -0.005 -16"><span class='ocrx_word' id='word_1_108' title='bbox 649 1828 1026 1900; x_wconf 88' lang='lat' dir='ltr'><strong>lectionibus</strong></span> <span class='ocrx_word' id='word_1_109' title='bbox 1073 1827 1154 1897; x_wconf 91' lang='lat' dir='ltr'><strong>de</strong></span> <span class='ocrx_word' id='word_1_110' title='bbox 1201 1826 1606 1916; x_wconf 87' lang='lat' dir='ltr'><strong>grammatica</strong></span> <span class='ocrx_word' id='word_1_111' title='bbox 1654 1821 2127 1913; x_wconf 67' lang='lat' dir='ltr'><strong>hieroglyphice</strong></span> <span class='ocrx_word' id='word_1_112' title='bbox 2185 1821 2483 1892; x_wconf 87' lang='lat' dir='ltr'><strong>institutis</strong></span> <span class='ocrx_word' id='word_1_113' title='bbox 2528 1843 2631 1888; x_wconf 87' lang='lat' dir='ltr'><strong>me</strong></span> <span class='ocrx_word' id='word_1_114' title='bbox 2678 1819 2920 1899; x_wconf 84' lang='lat' dir='ltr'><strong>docuit,</strong></span> 
     </span>
     <span class='ocr_line' id='line_1_15' title="bbox 649 1925 2920 2028; baseline -0.004 -24"><span class='ocrx_word' id='word_1_115' title='bbox 649 1938 711 2004; x_wconf 88' lang='lat' dir='ltr'><strong>in</strong></span> <span class='ocrx_word' id='word_1_116' title='bbox 759 1933 1216 2028; x_wconf 81' lang='lat' dir='ltr'><strong>antiquioribus</strong></span> <span class='ocrx_word' id='word_1_117' title='bbox 1260 1929 1518 2026; x_wconf 91' lang='lat' dir='ltr'><strong>quidem</strong></span> <span class='ocrx_word' id='word_1_118' title='bbox 1561 1926 2089 2019; x_wconf 86' lang='lat' dir='ltr'><strong>inscriptionibus,</strong></span> <span class='ocrx_word' id='word_1_119' title='bbox 2134 1931 2329 2022; x_wconf 82' lang='lat' dir='ltr'><strong>quum</strong></span> <span class='ocrx_word' id='word_1_120' title='bbox 2354 1947 2587 2017; x_wconf 84' lang='lat' dir='ltr'><strong>regens</strong></span> <span class='ocrx_word' id='word_1_121' title='bbox 2619 1925 2920 1995; x_wconf 85' lang='lat' dir='ltr'><strong>substan-</strong></span> 
     </span>
     <span class='ocr_line' id='line_1_16' title="bbox 648 2033 2923 2126; baseline -0.005 -14"><span class='ocrx_word' id='word_1_122' title='bbox 648 2043 845 2112; x_wconf 83' lang='lat' dir='ltr'><strong>tivum</strong></span> <span class='ocrx_word' id='word_1_123' title='bbox 891 2040 972 2108; x_wconf 89' lang='lat' dir='ltr'><strong>sit</strong></span> <span class='ocrx_word' id='word_1_124' title='bbox 1016 2038 1341 2108; x_wconf 80' lang='lat' dir='ltr'><strong>masculini</strong></span> <span class='ocrx_word' id='word_1_125' title='bbox 1400 2033 1677 2126; x_wconf 75' lang='lat' dir='ltr'><strong>generiS,</strong></span> <span class='ocrx_word' id='word_1_126' title='bbox 1736 2033 1989 2122; x_wconf 84' lang='lat' dir='ltr'><strong>genitivi</strong></span> <span class='ocrx_word' id='word_1_127' title='bbox 2047 2033 2297 2124; x_wconf 88' lang='lat' dir='ltr'><strong>signum</strong></span> <span class='ocrx_word' id='word_1_128' title='bbox 2344 2055 2482 2101; x_wconf 84' lang='lat' dir='ltr'><strong>esse</strong></span> <span class='ocrx_word' id='word_1_129' title='bbox 2530 2033 2923 2118; x_wconf 85' lang='lat' dir='ltr'><strong>(relativum)</strong></span> 
     </span>
     <span class='ocr_line' id='line_1_17' title="bbox 648 2138 2922 2239; baseline -0.004 -22"><span class='ocrx_word' id='word_1_130' title='bbox 648 2161 740 2232; x_wconf 58' lang='grc' dir='ltr'><strong>Ἢ,</strong></span> <span class='ocrx_word' id='word_1_131' title='bbox 785 2154 928 2239; x_wconf 90' lang='lat' dir='ltr'><strong>post</strong></span> <span class='ocrx_word' id='word_1_132' title='bbox 976 2145 1174 2214; x_wconf 89' lang='lat' dir='ltr'><strong>subst.</strong></span> <span class='ocrx_word' id='word_1_133' title='bbox 1223 2145 1370 2212; x_wconf 80' lang='lat' dir='ltr'><strong>fem.</strong></span> <span class='ocrx_word' id='word_1_134' title='bbox 1419 2161 1564 2232; x_wconf 86' lang='lat' dir='ltr'><strong>gen.</strong></span> <span class='ocrx_word' id='word_1_135' title='bbox 1611 2153 1740 2209; x_wconf 77' lang='lat' dir='ltr'><strong>‘nte</strong></span> <span class='ocrx_word' id='word_1_136' title='bbox 1785 2138 2050 2224; x_wconf 81' lang='lat' dir='ltr'><strong>(relativ.</strong></span> <span class='ocrx_word' id='word_1_137' title='bbox 2098 2161 2243 2206; x_wconf 87' lang='lat' dir='ltr'><strong>cum</strong></span> <span class='ocrx_word' id='word_1_138' title='bbox 2290 2139 2434 2210; x_wconf 86' lang='lat' dir='ltr'><strong>suff.</strong></span> <span class='ocrx_word' id='word_1_139' title='bbox 2481 2140 2676 2224; x_wconf 76' lang='lat' dir='ltr'><strong>sem),</strong></span> <span class='ocrx_word' id='word_1_140' title='bbox 2722 2161 2922 2232; x_wconf 89' lang='lat' dir='ltr'><strong>quum</strong></span> 
     </span>
     <span class='ocr_line' id='line_1_18' title="bbox 652 2243 2919 2339; baseline -0.004 -19"><span class='ocrx_word' id='word_1_141' title='bbox 652 2251 730 2321; x_wconf 83' lang='lat' dir='ltr'><strong>sit</strong></span> <span class='ocrx_word' id='word_1_142' title='bbox 773 2255 841 2318; x_wconf 83' lang='lat' dir='ltr'><strong>in</strong></span> <span class='ocrx_word' id='word_1_143' title='bbox 889 2250 1119 2339; x_wconf 82' lang='lat' dir='ltr'><strong>singul.</strong></span> <span class='ocrx_word' id='word_1_144' title='bbox 1167 2269 1470 2325; x_wconf 91' lang='lat' dir='ltr'><strong>numero·</strong></span> <span class='ocrx_word' id='word_1_145' title='bbox 1525 2243 1637 2314; x_wconf 89' lang='lat' dir='ltr'><strong>sed</strong></span> <span class='ocrx_word' id='word_1_146' title='bbox 1687 2245 1749 2312; x_wconf 89' lang='lat' dir='ltr'><strong>in</strong></span> <span class='ocrx_word' id='word_1_147' title='bbox 1799 2245 1959 2337; x_wconf 91' lang='lat' dir='ltr'><strong>plur.</strong></span> <span class='ocrx_word' id='word_1_148' title='bbox 2010 2267 2178 2313; x_wconf 91' lang='lat' dir='ltr'><strong>num.</strong></span> <span class='ocrx_word' id='word_1_149' title='bbox 2226 2245 2557 2314; x_wconf 86' lang='lat' dir='ltr'><strong>relativum</strong></span> <span class='ocrx_word' id='word_1_150' title='bbox 2618 2245 2806 2315; x_wconf 85' lang='lat' dir='ltr'><strong>etiam</strong></span> <span class='ocrx_word' id='word_1_151' title='bbox 2854 2245 2919 2313; x_wconf 89' lang='lat' dir='ltr'><strong>in</strong></span> 
     </span>
     <span class='ocr_line' id='line_1_19' title="bbox 651 2345 2923 2452; baseline -0.002 -27"><span class='ocrx_word' id='word_1_152' title='bbox 651 2345 810 2452; x_wconf 89' lang='lat' dir='ltr'><strong>plur</strong></span> <span class='ocrx_word' id='word_1_153' title='bbox 857 2355 1113 2449; x_wconf 90' lang='lat' dir='ltr'><strong>ponitur</strong></span> <span class='ocrx_word' id='word_1_154' title='bbox 1167 2375 1280 2423; x_wconf 78' lang='lat' dir='ltr'><strong>na.</strong></span> <span class='ocrx_word' id='word_1_155' title='bbox 1375 2349 1565 2433; x_wconf 85' lang='lat' dir='ltr'><strong>Quod</strong></span> <span class='ocrx_word' id='word_1_156' title='bbox 1632 2350 1955 2420; x_wconf 84' lang='lat' dir='ltr'><strong>evidenter</strong></span> <span class='ocrx_word' id='word_1_157' title='bbox 2014 2349 2435 2430; x_wconf 88' lang='lat' dir='ltr'><strong>demonstrat,</strong></span> <span class='ocrx_word' id='word_1_158' title='bbox 2494 2352 2617 2419; x_wconf 89' lang='lat' dir='ltr'><strong>hoc</strong></span> <span class='ocrx_word' id='word_1_159' title='bbox 2671 2351 2923 2443; x_wconf 85' lang='lat' dir='ltr'><strong>genitivi</strong></span> 
     </span>
     <span class='ocr_line' id='line_1_20' title="bbox 651 2456 2921 2555; baseline -0.003 -23"><span class='ocrx_word' id='word_1_160' title='bbox 651 2465 901 2555; x_wconf 83' lang='lat' dir='ltr'><strong>signum</strong></span> <span class='ocrx_word' id='word_1_161' title='bbox 943 2469 1254 2554; x_wconf 86' lang='lat' dir='ltr'><strong>tanquam</strong></span> <span class='ocrx_word' id='word_1_162' title='bbox 1299 2479 1653 2551; x_wconf 84' lang='lat' dir='ltr'><strong>pronomen</strong></span> <span class='ocrx_word' id='word_1_163' title='bbox 1700 2456 2025 2526; x_wconf 87' lang='lat' dir='ltr'><strong>relativum</strong></span> <span class='ocrx_word' id='word_1_164' title='bbox 2072 2456 2151 2526; x_wconf 90' lang='lat' dir='ltr'><strong>ab</strong></span> <span class='ocrx_word' id='word_1_165' title='bbox 2198 2457 2529 2550; x_wconf 78' lang='lat' dir='ltr'><strong>Aegyptiis</strong></span> <span class='ocrx_word' id='word_1_166' title='bbox 2588 2467 2921 2551; x_wconf 87' lang='lat' dir='ltr'><strong>acceptum</strong></span> 
     </span>
     <span class='ocr_line' id='line_1_21' title="bbox 653 2561 2922 2656; baseline -0.002 -17"><span class='ocrx_word' id='word_1_167' title='bbox 653 2591 812 2638; x_wconf 89' lang='lat' dir='ltr'><strong>esse.</strong></span> <span class='ocrx_word' id='word_1_168' title='bbox 881 2567 1011 2637; x_wconf 90' lang='lat' dir='ltr'><strong>Sed</strong></span> <span class='ocrx_word' id='word_1_169' title='bbox 1061 2561 1548 2636; x_wconf 89' lang='lat' dir='ltr'><strong>concedendum</strong></span> <span class='ocrx_word' id='word_1_170' title='bbox 1595 2571 1697 2630; x_wconf 85' lang='lat' dir='ltr'><strong>est</strong></span> <span class='ocrx_word' id='word_1_171' title='bbox 1742 2585 1867 2630; x_wconf 89' lang='lat' dir='ltr'><strong>non</strong></span> <span class='ocrx_word' id='word_1_172' title='bbox 1916 2562 2108 2632; x_wconf 90' lang='lat' dir='ltr'><strong>modo</strong></span> <span class='ocrx_word' id='word_1_173' title='bbox 2158 2563 2220 2630; x_wconf 86' lang='lat' dir='ltr'><strong>in</strong></span> <span class='ocrx_word' id='word_1_174' title='bbox 2257 2563 2521 2656; x_wconf 78' lang='lat' dir='ltr'><strong>Coptica</strong></span> <span class='ocrx_word' id='word_1_175' title='bbox 2566 2563 2777 2653; x_wconf 86' lang='lat' dir='ltr'><strong>lingua</strong></span> <span class='ocrx_word' id='word_1_176' title='bbox 2806 2561 2922 2634; x_wconf 85' lang='lat' dir='ltr'><strong>sed</strong></span> 
     </span>
     <span class='ocr_line' id='line_1_22' title="bbox 645 2667 2921 2769; baseline -0.003 -25"><span class='ocrx_word' id='word_1_177' title='bbox 645 2677 777 2769; x_wconf 81' lang='lat' dir='ltr'><strong>J‘am</strong></span> <span class='ocrx_word' id='word_1_178' title='bbox 823 2675 1022 2747; x_wconf 89' lang='lat' dir='ltr'><strong>multo</strong></span> <span class='ocrx_word' id='word_1_179' title='bbox 1069 2680 1254 2740; x_wconf 88' lang='lat' dir='ltr'><strong>antea</strong></span> <span class='ocrx_word' id='word_1_180' title='bbox 1301 2670 1469 2738; x_wconf 87' lang='lat' dir='ltr'><strong>hunc</strong></span> <span class='ocrx_word' id='word_1_181' title='bbox 1513 2667 1754 2738; x_wconf 81' lang='lat' dir='ltr'><strong>relativi</strong></span> <span class='ocrx_word' id='word_1_182' title='bbox 1801 2691 2057 2738; x_wconf 89' lang='lat' dir='ltr'><strong>sensum</strong></span> <span class='ocrx_word' id='word_1_183' title='bbox 2102 2669 2291 2737; x_wconf 78' lang='lat' dir='ltr'><strong>fuisse</strong></span> <span class='ocrx_word' id='word_1_184' title='bbox 2324 2669 2639 2738; x_wconf 86' lang='lat' dir='ltr'><strong>amissum.</strong></span> <span class='ocrx_word' id='word_1_185' title='bbox 2702 2671 2921 2752; x_wconf 83' lang='lat' dir='ltr'><strong>Quare</strong></span> 
     </span>
     <span class='ocr_line' id='line_1_23' title="bbox 651 2773 2922 2895; baseline -0.003 -45"><span class='ocrx_word' id='word_1_186' title='bbox 651 2781 822 2875; x_wconf 91' lang='lat' dir='ltr'><strong>quod</strong></span> <span class='ocrx_word' id='word_1_187' title='bbox 869 2802 1056 2872; x_wconf 85' lang='lat' dir='ltr'><strong>supra</strong></span> <span class='ocrx_word' id='word_1_188' title='bbox 1104 2776 1406 2870; x_wconf 87' lang='lat' dir='ltr'><strong>Copticae</strong></span> <span class='ocrx_word' id='word_1_189' title='bbox 1452 2774 1705 2863; x_wconf 86' lang='lat' dir='ltr'><strong>linguae</strong></span> <span class='ocrx_word' id='word_1_190' title='bbox 1753 2775 2112 2895; x_wconf 71' lang='lat' dir='ltr'><strong>obiecimus,</strong></span> <span class='ocrx_word' id='word_1_191' title='bbox 2158 2773 2325 2867; x_wconf 86' lang='lat' dir='ltr'><strong>quod</strong></span> <span class='ocrx_word' id='word_1_192' title='bbox 2372 2773 2602 2866; x_wconf 86' lang='lat' dir='ltr'><strong>objecti</strong></span> <span class='ocrx_word' id='word_1_193' title='bbox 2648 2775 2922 2846; x_wconf 77' lang='lat' dir='ltr'><strong>relatio·-</strong></span> 
     </span>
     <span class='ocr_line' id='line_1_24' title="bbox 655 2878 2924 2974; baseline -0.002 -20"><span class='ocrx_word' id='word_1_194' title='bbox 655 2903 802 2957; x_wconf 86' lang='lat' dir='ltr'><strong>nem</strong></span> <span class='ocrx_word' id='word_1_195' title='bbox 834 2883 912 2954; x_wconf 88' lang='lat' dir='ltr'><strong>ab</strong></span> <span class='ocrx_word' id='word_1_196' title='bbox 942 2882 1240 2953; x_wconf 84' lang='lat' dir='ltr'><strong>attributo</strong></span> <span class='ocrx_word' id='word_1_197' title='bbox 1271 2905 1393 2950; x_wconf 89' lang='lat' dir='ltr'><strong>non</strong></span> <span class='ocrx_word' id='word_1_198' title='bbox 1427 2878 1798 2962; x_wconf 82' lang='lat' dir='ltr'><strong>distinxerit,</strong></span> <span class='ocrx_word' id='word_1_199' title='bbox 1843 2882 1891 2949; x_wconf 88' lang='lat' dir='ltr'><strong>si</strong></span> <span class='ocrx_word' id='word_1_200' title='bbox 1924 2879 2259 2950; x_wconf 77' lang='lat' dir='ltr'><strong>verborum</strong></span> <span class='ocrx_word' id='word_1_201' title='bbox 2294 2889 2497 2974; x_wconf 77' lang='lat' dir='ltr'><strong>etyma</strong></span> <span class='ocrx_word' id='word_1_202' title='bbox 2528 2881 2924 2974; x_wconf 86' lang='lat' dir='ltr'><strong>respicimus,</strong></span> 
     </span>
     <span class='ocr_line' id='line_1_25' title="bbox 655 2985 2925 3082; baseline -0.003 -23"><span class='ocrx_word' id='word_1_203' title='bbox 655 2990 887 3082; x_wconf 89' lang='lat' dir='ltr'><strong>injuste</strong></span> <span class='ocrx_word' id='word_1_204' title='bbox 948 2989 1179 3057; x_wconf 77' lang='lat' dir='ltr'><strong>lactum</strong></span> <span class='ocrx_word' id='word_1_205' title='bbox 1240 2995 1354 3056; x_wconf 89' lang='lat' dir='ltr'><strong>est.</strong></span> <span class='ocrx_word' id='word_1_206' title='bbox 1447 2985 1576 3055; x_wconf 88' lang='lat' dir='ltr'><strong>Sed</strong></span> <span class='ocrx_word' id='word_1_207' title='bbox 1636 2986 1781 3079; x_wconf 92' lang='lat' dir='ltr'><strong>quin</strong></span> <span class='ocrx_word' id='word_1_208' title='bbox 1843 2985 2057 3080; x_wconf 88' lang='lat' dir='ltr'><strong>Copti,</strong></span> <span class='ocrx_word' id='word_1_209' title='bbox 2126 3009 2319 3080; x_wconf 90' lang='lat' dir='ltr'><strong>quum</strong></span> <span class='ocrx_word' id='word_1_210' title='bbox 2378 2987 2645 3058; x_wconf 87' lang='lat' dir='ltr'><strong>duarum</strong></span> <span class='ocrx_word' id='word_1_211' title='bbox 2703 3009 2925 3057; x_wconf 80' lang='lat' dir='ltr'><strong>vocum</strong></span> 
     </span>
     <span class='ocr_line' id='line_1_26' title="bbox 658 3091 2924 3187; baseline -0.003 -21"><span class='ocrx_word' id='word_1_212' title='bbox 658 3099 900 3169; x_wconf 80' lang='lat' dir='ltr'><strong>formae</strong></span> <span class='ocrx_word' id='word_1_213' title='bbox 945 3103 1302 3187; x_wconf 84' lang='lat' dir='ltr'><strong>temporum</strong></span> <span class='ocrx_word' id='word_1_214' title='bbox 1351 3113 1536 3161; x_wconf 88' lang='lat' dir='ltr'><strong>cursu</strong></span> <span class='ocrx_word' id='word_1_215' title='bbox 1583 3092 1881 3184; x_wconf 84' lang='lat' dir='ltr'><strong>aequales</strong></span> <span class='ocrx_word' id='word_1_216' title='bbox 1928 3093 2127 3161; x_wconf 78' lang='lat' dir='ltr'><strong>iactae</strong></span> <span class='ocrx_word' id='word_1_217' title='bbox 2158 3091 2301 3173; x_wconf 87' lang='lat' dir='ltr'><strong>sint,</strong></span> <span class='ocrx_word' id='word_1_218' title='bbox 2352 3117 2567 3162; x_wconf 85' lang='lat' dir='ltr'><strong>earum</strong></span> <span class='ocrx_word' id='word_1_219' title='bbox 2595 3091 2924 3183; x_wconf 87' lang='lat' dir='ltr'><strong>significa·-</strong></span> 
     </span>
     <span class='ocr_line' id='line_1_27' title="bbox 656 3197 2530 3278; baseline -0.001 -9"><span class='ocrx_word' id='word_1_220' title='bbox 656 3202 896 3270; x_wconf 87' lang='lat' dir='ltr'><strong>tionem</strong></span> <span class='ocrx_word' id='word_1_221' title='bbox 942 3199 1130 3269; x_wconf 80' lang='lat' dir='ltr'><strong>etiam</strong></span> <span class='ocrx_word' id='word_1_222' title='bbox 1181 3198 1604 3278; x_wconf 81' lang='lat' dir='ltr'><strong>confuderint,</strong></span> <span class='ocrx_word' id='word_1_223' title='bbox 1651 3198 1769 3266; x_wconf 79' lang='lat' dir='ltr'><strong>vix·</strong></span> <span class='ocrx_word' id='word_1_224' title='bbox 1802 3197 2215 3268; x_wconf 85' lang='lat' dir='ltr'><strong>dubitandum</strong></span> <span class='ocrx_word' id='word_1_225' title='bbox 2262 3197 2530 3268; x_wconf 81' lang='lat' dir='ltr'><strong>videtur.</strong></span> 
     </span>
    </p>

    <p class='ocr_par' dir='ltr' id='par_1_4' title="bbox 658 3299 2927 4114">
     <span class='ocr_line' id='line_1_28' title="bbox 843 3299 2925 3398; baseline 0 -26"><span class='ocrx_word' id='word_1_226' title='bbox 843 3305 1059 3388; x_wconf 89' lang='lat' dir='ltr'><strong>Quum</strong></span> <span class='ocrx_word' id='word_1_227' title='bbox 1109 3303 1380 3398; x_wconf 90' lang='lat' dir='ltr'><strong>denique</strong></span> <span class='ocrx_word' id='word_1_228' title='bbox 1431 3301 1761 3396; x_wconf 88' lang='lat' dir='ltr'><strong>Copticum</strong></span> <span class='ocrx_word' id='word_1_229' title='bbox 1804 3306 1861 3374; x_wconf 94' lang='lat' dir='ltr'>N</span> <span class='ocrx_word' id='word_1_230' title='bbox 1904 3325 2047 3372; x_wconf 90' lang='lat' dir='ltr'><strong>cum</strong></span> <span class='ocrx_word' id='word_1_231' title='bbox 2084 3303 2299 3371; x_wconf 91' lang='lat' dir='ltr'><strong>Sinico</strong></span> <span class='ocrx_word' id='word_1_232' title='bbox 2339 3299 2420 3372; x_wconf 70' lang='lat' dir='ltr'><strong>‘ci</strong></span> <span class='ocrx_word' id='word_1_233' title='bbox 2466 3326 2925 3396; x_wconf 84' lang='lat' dir='ltr'><strong>comparamus,</strong></span> 
     </span>
     <span class='ocr_line' id='line_1_29' title="bbox 658 3407 2925 3504; baseline 0 -26"><span class='ocrx_word' id='word_1_234' title='bbox 658 3411 718 3480; x_wconf 93' lang='lat' dir='ltr'><strong>id</strong></span> <span class='ocrx_word' id='word_1_235' title='bbox 765 3411 1151 3504; x_wconf 90' lang='lat' dir='ltr'><strong>potissimum</strong></span> <span class='ocrx_word' id='word_1_236' title='bbox 1199 3409 1512 3478; x_wconf 88' lang='lat' dir='ltr'><strong>invenitur</strong></span> <span class='ocrx_word' id='word_1_237' title='bbox 1557 3409 1912 3489; x_wconf 86' lang='lat' dir='ltr'><strong>discrimen,</strong></span> <span class='ocrx_word' id='word_1_238' title='bbox 1960 3408 2129 3502; x_wconf 91' lang='lat' dir='ltr'><strong>quod</strong></span> <span class='ocrx_word' id='word_1_239' title='bbox 2175 3413 2233 3483; x_wconf 89' lang='lat' dir='ltr'>N</span> <span class='ocrx_word' id='word_1_240' title='bbox 2273 3407 2429 3477; x_wconf 87' lang='lat' dir='ltr'><strong>duas</strong></span> <span class='ocrx_word' id='word_1_241' title='bbox 2488 3410 2775 3479; x_wconf 89' lang='lat' dir='ltr'><strong>notiones</strong></span> <span class='ocrx_word' id='word_1_242' title='bbox 2822 3410 2925 3478; x_wconf 89' lang='lat' dir='ltr'><strong>in·-</strong></span> 
     </span>
     <span class='ocr_line' id='line_1_30' title="bbox 660 3513 2926 3608; baseline -0.001 -22"><span class='ocrx_word' id='word_1_243' title='bbox 660 3530 758 3588; x_wconf 83' lang='lat' dir='ltr'><strong>ter</strong></span> <span class='ocrx_word' id='word_1_244' title='bbox 803 3541 874 3586; x_wconf 85' lang='lat' dir='ltr'><strong>se</strong></span> <span class='ocrx_word' id='word_1_245' title='bbox 920 3517 1141 3596; x_wconf 74' lang='lat' dir='ltr'><strong>refert,</strong></span> <span class='ocrx_word' id='word_1_246' title='bbox 1189 3515 1266 3584; x_wconf 90' lang='lat' dir='ltr'><strong>ad</strong></span> <span class='ocrx_word' id='word_1_247' title='bbox 1316 3515 1600 3608; x_wconf 86' lang='lat' dir='ltr'><strong>duasque</strong></span> <span class='ocrx_word' id='word_1_248' title='bbox 1645 3516 1954 3608; x_wconf 89' lang='lat' dir='ltr'><strong>pertinet;</strong></span> <span class='ocrx_word' id='word_1_249' title='bbox 2002 3513 2541 3599; x_wconf 80' lang='lat' dir='ltr'><strong>(sed&#39;secundum</strong></span> <span class='ocrx_word' id='word_1_250' title='bbox 2589 3516 2798 3586; x_wconf 89' lang='lat' dir='ltr'><strong>Schw.</strong></span> <span class='ocrx_word' id='word_1_251' title='bbox 2844 3513 2926 3584; x_wconf 91' lang='lat' dir='ltr'><strong>ad</strong></span> 
     </span>
     <span class='ocr_line' id='line_1_31' title="bbox 659 3619 2925 3717; baseline -0.002 -25"><span class='ocrx_word' id='word_1_252' title='bbox 659 3645 931 3717; x_wconf 88' lang='lat' dir='ltr'><strong>sequens</strong></span> <span class='ocrx_word' id='word_1_253' title='bbox 978 3631 1224 3690; x_wconf 86' lang='lat' dir='ltr'><strong>tantum</strong></span> <span class='ocrx_word' id='word_1_254' title='bbox 1273 3643 1502 3690; x_wconf 89' lang='lat' dir='ltr'><strong>nomen</strong></span> <span class='ocrx_word' id='word_1_255' title='bbox 1549 3621 1851 3714; x_wconf 88' lang='lat' dir='ltr'><strong>pertinet,</strong></span> <span class='ocrx_word' id='word_1_256' title='bbox 1898 3619 2067 3714; x_wconf 86' lang='lat' dir='ltr'><strong>quod</strong></span> <span class='ocrx_word' id='word_1_257' title='bbox 2115 3619 2174 3688; x_wconf 93' lang='lat' dir='ltr'><strong>in</strong></span> <span class='ocrx_word' id='word_1_258' title='bbox 2210 3620 2487 3712; x_wconf 87' lang='lat' dir='ltr'><strong>genitivo</strong></span> <span class='ocrx_word' id='word_1_259' title='bbox 2522 3620 2925 3714; x_wconf 78' lang='lat' dir='ltr'><strong>cogitandum</strong></span> 
     </span>
     <span class='ocr_line' id='line_1_32' title="bbox 663 3723 2925 3819; baseline -0.002 -21"><span class='ocrx_word' id='word_1_260' title='bbox 663 3730 741 3798; x_wconf 87' lang='lat' dir='ltr'><strong>sit</strong></span> <span class='ocrx_word' id='word_1_261' title='bbox 790 3759 877 3789; x_wconf 65' lang='grc' dir='ltr'><strong>ετ-</strong></span> <span class='ocrx_word' id='word_1_262' title='bbox 923 3749 1062 3795; x_wconf 84' lang='lat' dir='ltr'><strong>was</strong></span> <span class='ocrx_word' id='word_1_263' title='bbox 1107 3729 1278 3812; x_wconf 78' lang='lat' dir='ltr'><strong>des);</strong></span> <span class='ocrx_word' id='word_1_264' title='bbox 1316 3723 1395 3796; x_wconf 71' lang='lat' dir='ltr'><strong>‘ci</strong></span> <span class='ocrx_word' id='word_1_265' title='bbox 1439 3737 1655 3796; x_wconf 87' lang='lat' dir='ltr'><strong>autem</strong></span> <span class='ocrx_word' id='word_1_266' title='bbox 1686 3726 1766 3796; x_wconf 88' lang='lat' dir='ltr'><strong>ad</strong></span> <span class='ocrx_word' id='word_1_267' title='bbox 1799 3726 2241 3798; x_wconf 82' lang='lat' dir='ltr'><strong>antecedentia</strong></span> <span class='ocrx_word' id='word_1_268' title='bbox 2272 3736 2516 3798; x_wconf 87' lang='lat' dir='ltr'><strong>tantum</strong></span> <span class='ocrx_word' id='word_1_269' title='bbox 2546 3727 2737 3797; x_wconf 78' lang='lat' dir='ltr'><strong>verba</strong></span> <span class='ocrx_word' id='word_1_270' title='bbox 2769 3749 2925 3819; x_wconf 87' lang='lat' dir='ltr'><strong>per-</strong></span> 
     </span>
     <span class='ocr_line' id='line_1_33' title="bbox 660 3832 2927 3926; baseline -0 -25"><span class='ocrx_word' id='word_1_271' title='bbox 660 3835 853 3913; x_wconf 85' lang='lat' dir='ltr'><strong>tinet,</strong></span> <span class='ocrx_word' id='word_1_272' title='bbox 911 3852 1075 3926; x_wconf 84' lang='lat' dir='ltr'><strong>quae</strong></span> <span class='ocrx_word' id='word_1_273' title='bbox 1133 3844 1208 3902; x_wconf 90' lang='lat' dir='ltr'><strong>ut</strong></span> <span class='ocrx_word' id='word_1_274' title='bbox 1261 3843 1464 3902; x_wconf 87' lang='lat' dir='ltr'><strong>totum</strong></span> <span class='ocrx_word' id='word_1_275' title='bbox 1523 3833 1879 3904; x_wconf 85' lang='lat' dir='ltr'><strong>sententiae</strong></span> <span class='ocrx_word' id='word_1_276' title='bbox 1936 3833 2269 3904; x_wconf 86' lang='lat' dir='ltr'><strong>articulum</strong></span> <span class='ocrx_word' id='word_1_277' title='bbox 2326 3832 2801 3926; x_wconf 89' lang='lat' dir='ltr'><strong>comprehendit</strong></span> <span class='ocrx_word' id='word_1_278' title='bbox 2856 3841 2927 3901; x_wconf 86' lang='lat' dir='ltr'><strong>et</strong></span> 
     </span>
     <span class='ocr_line' id='line_1_34' title="bbox 661 3938 2924 4034; baseline -0.001 -26"><span class='ocrx_word' id='word_1_279' title='bbox 661 3938 924 4008; x_wconf 86' lang='lat' dir='ltr'><strong>secludit</strong></span> <span class='ocrx_word' id='word_1_280' title='bbox 971 3961 1113 4007; x_wconf 86' lang='lat' dir='ltr'><strong>cum</strong></span> <span class='ocrx_word' id='word_1_281' title='bbox 1160 3938 1697 4033; x_wconf 84' lang='lat' dir='ltr'><strong>sequentibusque</strong></span> <span class='ocrx_word' id='word_1_282' title='bbox 1741 3949 2041 4034; x_wconf 85' lang='lat' dir='ltr'><strong>tanquam</strong></span> <span class='ocrx_word' id='word_1_283' title='bbox 2083 3939 2453 4010; x_wconf 84' lang='lat' dir='ltr'><strong>attributum</strong></span> <span class='ocrx_word' id='word_1_284' title='bbox 2484 3938 2924 4030; x_wconf 86' lang='lat' dir='ltr'><strong>conjungenda</strong></span> 
     </span>
     <span class='ocr_line' id='line_1_35' title="bbox 659 4046 912 4114; baseline 0 0"><span class='ocrx_word' id='word_1_285' title='bbox 659 4046 912 4114; x_wconf 86' lang='lat' dir='ltr'><strong>indicat.</strong></span> 
     </span>
    </p>

    <p class='ocr_par' dir='ltr' id='par_1_5' title="bbox 657 4150 2923 4560">
     <span class='ocr_line' id='line_1_36' title="bbox 837 4150 2923 4243; baseline -0 -22"><span class='ocrx_word' id='word_1_286' title='bbox 837 4151 967 4221; x_wconf 91' lang='lat' dir='ltr'><strong>Sed</strong></span> <span class='ocrx_word' id='word_1_287' title='bbox 1029 4150 1353 4230; x_wconf 80' lang='lat' dir='ltr'><strong>fatendum</strong></span> <span class='ocrx_word' id='word_1_288' title='bbox 1413 4159 1541 4231; x_wconf 87' lang='lat' dir='ltr'><strong>est,</strong></span> <span class='ocrx_word' id='word_1_289' title='bbox 1601 4150 2205 4243; x_wconf 85' lang='lat' dir='ltr'><strong>comprehensiones</strong></span> <span class='ocrx_word' id='word_1_290' title='bbox 2262 4150 2671 4232; x_wconf 82' lang='lat' dir='ltr'><strong>attributivas,</strong></span> <span class='ocrx_word' id='word_1_291' title='bbox 2732 4153 2923 4220; x_wconf 89' lang='lat' dir='ltr'><strong>immo</strong></span> 
     </span>
     <span class='ocr_line' id='line_1_37' title="bbox 661 4255 2923 4350; baseline 0 -24"><span class='ocrx_word' id='word_1_292' title='bbox 661 4257 846 4327; x_wconf 87' lang='lat' dir='ltr'><strong>etiam</strong></span> <span class='ocrx_word' id='word_1_293' title='bbox 881 4257 1217 4348; x_wconf 83' lang='lat' dir='ltr'><strong>objectivas</strong></span> <span class='ocrx_word' id='word_1_294' title='bbox 1249 4255 1552 4350; x_wconf 83' lang='lat' dir='ltr'><strong>particula</strong></span> <span class='ocrx_word' id='word_1_295' title='bbox 1589 4257 1849 4326; x_wconf 87' lang='lat' dir='ltr'><strong>relativa</strong></span> <span class='ocrx_word' id='word_1_296' title='bbox 1896 4256 2181 4337; x_wconf 85' lang='lat' dir='ltr'><strong>effectas,</strong></span> <span class='ocrx_word' id='word_1_297' title='bbox 2228 4257 2463 4328; x_wconf 79' lang='lat' dir='ltr'><strong>habere</strong></span> <span class='ocrx_word' id='word_1_298' title='bbox 2512 4258 2727 4327; x_wconf 83' lang='lat' dir='ltr'><strong>nescio</strong></span> <span class='ocrx_word' id='word_1_299' title='bbox 2768 4258 2923 4350; x_wconf 87' lang='lat' dir='ltr'><strong>quid</strong></span> 
     </span>
     <span class='ocr_line' id='line_1_38' title="bbox 660 4361 2920 4457; baseline 0.001 -27"><span class='ocrx_word' id='word_1_300' title='bbox 660 4361 932 4452; x_wconf 81' lang='lat' dir='ltr'><strong>languidi</strong></span> <span class='ocrx_word' id='word_1_301' title='bbox 977 4370 1045 4431; x_wconf 88' lang='lat' dir='ltr'><strong>et</strong></span> <span class='ocrx_word' id='word_1_302' title='bbox 1087 4363 1304 4432; x_wconf 86' lang='lat' dir='ltr'><strong>inertis</strong></span> <span class='ocrx_word' id='word_1_303' title='bbox 1347 4385 1420 4432; x_wconf 89' lang='lat' dir='ltr'><strong>ac</strong></span> <span class='ocrx_word' id='word_1_304' title='bbox 1466 4361 1990 4457; x_wconf 76' lang='lat' dir='ltr'><strong>fluere&#39;dilapsaS,</strong></span> <span class='ocrx_word' id='word_1_305' title='bbox 2038 4361 2234 4445; x_wconf 76' lang='lat' dir='ltr'><strong>brevi,</strong></span> <span class='ocrx_word' id='word_1_306' title='bbox 2282 4363 2595 4434; x_wconf 81' lang='lat' dir='ltr'><strong>debilioris</strong></span> <span class='ocrx_word' id='word_1_307' title='bbox 2642 4383 2785 4433; x_wconf 86' lang='lat' dir='ltr'><strong>esse</strong></span> <span class='ocrx_word' id='word_1_308' title='bbox 2834 4363 2920 4432; x_wconf 79' lang='lat' dir='ltr'><strong>vis</strong></span> 
     </span>
     <span class='ocr_line' id='line_1_39' title="bbox 657 4467 2917 4560; baseline 0.002 -25"><span class='ocrx_word' id='word_1_309' title='bbox 657 4467 1064 4560; x_wconf 79' lang='lat' dir='ltr'><strong>syntheticae.</strong></span> <span class='ocrx_word' id='word_1_310' title='bbox 1155 4469 1386 4538; x_wconf 82' lang='lat' dir='ltr'><strong>Contra</strong></span> <span class='ocrx_word' id='word_1_311' title='bbox 1436 4491 1517 4538; x_wconf 87' lang='lat' dir='ltr'><strong>ea</strong></span> <span class='ocrx_word' id='word_1_312' title='bbox 1556 4469 1809 4558; x_wconf 83' lang='lat' dir='ltr'><strong>linguae</strong></span> <span class='ocrx_word' id='word_1_313' title='bbox 1865 4479 2013 4540; x_wconf 83' lang='lat' dir='ltr'><strong>sunt</strong></span> <span class='ocrx_word' id='word_1_314' title='bbox 2071 4468 2663 4541; x_wconf 82' lang='lat' dir='ltr'><strong>commemorandae</strong></span> <span class='ocrx_word' id='word_1_315' title='bbox 2710 4469 2917 4540; x_wconf 82' lang='lat' dir='ltr'><strong>Ame-</strong></span> 
     </span>
    </p>
   </div>
   <div class='ocr_carea' id='block_1_3' title="bbox 3174 0 3207 1276">
    <p class='ocr_par' dir='ltr' id='par_1_6' title="bbox 3174 0 3207 1276">
     <span class='ocr_line' id='line_1_40' title="bbox 3174 0 3207 1276; baseline 0 0"><span class='ocrx_word' id='word_1_316' title='bbox 3174 0 3207 1276; x_wconf 95' lang='lat' dir='ltr'><strong> </strong></span> 
     </span>
    </p>
   </div>
  </div>
 </body>
</html>
