<?xml version="1.0" encoding="UTF-8"?>
<!DOCTYPE html PUBLIC "-//W3C//DTD XHTML 1.0 Transitional//EN"
    "http://www.w3.org/TR/xhtml1/DTD/xhtml1-transitional.dtd">
<html xmlns="http://www.w3.org/1999/xhtml" xml:lang="en" lang="en">
 <head>
  <title>
</title>
<meta http-equiv="Content-Type" content="text/html;charset=utf-8" />
  <meta name='ocr-system' content='tesseract 3.04.00' />
  <meta name='ocr-capabilities' content='ocr_page ocr_carea ocr_par ocr_line ocrx_word'/>
</head>
<body>
  <div class='ocr_page' id='page_1' title='image "./depronominerela00steigoog_0028.png"; bbox 0 0 3225 5259; ppageno 0'>
   <div class='ocr_carea' id='block_1_1' title="bbox 1646 272 1733 337">
    <p class='ocr_par' dir='ltr' id='par_1_1' title="bbox 1646 272 1733 337">
     <span class='ocr_line' id='line_1_1' title="bbox 1646 272 1733 337; baseline 0 0"><span class='ocrx_word' id='word_1_1' title='bbox 1646 272 1733 337; x_wconf 84' lang='lat'><strong>24</strong></span> 
     </span>
    </p>
   </div>
   <div class='ocr_carea' id='block_1_2' title="bbox 554 462 2853 4276">
    <p class='ocr_par' dir='ltr' id='par_1_2' title="bbox 554 462 2817 1197">
     <span class='ocr_line' id='line_1_2' title="bbox 567 462 2811 556; baseline -0.003 -19"><span class='ocrx_word' id='word_1_2' title='bbox 567 466 780 537; x_wconf 85' lang='lat' dir='ltr'><strong>dicatis</strong></span> <span class='ocrx_word' id='word_1_3' title='bbox 843 466 1248 537; x_wconf 78' lang='lat' dir='ltr'>collocatione</span> <span class='ocrx_word' id='word_1_4' title='bbox 1307 473 1373 535; x_wconf 88' lang='lat' dir='ltr'><strong>et</strong></span> <span class='ocrx_word' id='word_1_5' title='bbox 1425 463 1677 534; x_wconf 86' lang='lat' dir='ltr'><strong>dicunt:</strong></span> <span class='ocrx_word' id='word_1_6' title='bbox 1748 464 1924 533; x_wconf 76' lang='lat' dir='ltr'><strong>takai</strong></span> <span class='ocrx_word' id='word_1_7' title='bbox 1954 465 2149 556; x_wconf 81' lang='lat' dir='ltr'><strong>jama</strong></span> <span class='ocrx_word' id='word_1_8' title='bbox 2207 465 2369 533; x_wconf 82' lang='lat' dir='ltr'><strong>altus</strong></span> <span class='ocrx_word' id='word_1_9' title='bbox 2426 485 2637 543; x_wconf 86' lang='lat' dir='ltr'><strong>mons,</strong></span> <span class='ocrx_word' id='word_1_10' title='bbox 2696 462 2811 532; x_wconf 87' lang='lat' dir='ltr'><strong>sed</strong></span> 
     </span>
     <span class='ocr_line' id='line_1_3' title="bbox 554 568 2811 667; baseline -0.002 -26"><span class='ocrx_word' id='word_1_11' title='bbox 554 573 748 664; x_wconf 79' lang='lat' dir='ltr'><strong>joma</strong></span> <span class='ocrx_word' id='word_1_12' title='bbox 796 572 972 643; x_wconf 77' lang='lat' dir='ltr'><strong>takai</strong></span> <span class='ocrx_word' id='word_1_13' title='bbox 1014 596 1194 667; x_wconf 88' lang='lat' dir='ltr'><strong>mons</strong></span> <span class='ocrx_word' id='word_1_14' title='bbox 1240 577 1338 643; x_wconf 86' lang='lat' dir='ltr'><strong>&#39;est</strong></span> <span class='ocrx_word' id='word_1_15' title='bbox 1383 572 1562 641; x_wconf 87' lang='lat' dir='ltr'><strong>altus.</strong></span> <span class='ocrx_word' id='word_1_16' title='bbox 1632 568 1760 641; x_wconf 91' lang='lat' dir='ltr'><strong>Sed</strong></span> <span class='ocrx_word' id='word_1_17' title='bbox 1806 568 1947 639; x_wconf 89' lang='lat' dir='ltr'><strong>talia</strong></span> <span class='ocrx_word' id='word_1_18' title='bbox 1991 578 2318 661; x_wconf 73' lang='lat' dir='ltr'><strong>sui-rogata</strong></span> <span class='ocrx_word' id='word_1_19' title='bbox 2349 579 2539 664; x_wconf 88' lang='lat' dir='ltr'><strong>atque</strong></span> <span class='ocrx_word' id='word_1_20' title='bbox 2570 570 2811 639; x_wconf 85' lang='lat' dir='ltr'><strong>extrin-</strong></span> 
     </span>
     <span class='ocr_line' id='line_1_4' title="bbox 569 674 2815 773; baseline -0.002 -24"><span class='ocrx_word' id='word_1_21' title='bbox 569 702 750 749; x_wconf 85' lang='lat' dir='ltr'><strong>secus</strong></span> <span class='ocrx_word' id='word_1_22' title='bbox 796 677 988 773; x_wconf 89' lang='lat' dir='ltr'><strong>petita</strong></span> <span class='ocrx_word' id='word_1_23' title='bbox 1035 700 1354 772; x_wconf 87' lang='lat' dir='ltr'><strong>nunquam</strong></span> <span class='ocrx_word' id='word_1_24' title='bbox 1411 676 1757 758; x_wconf 80' lang='lat' dir='ltr'><strong>sufficiunt,</strong></span> <span class='ocrx_word' id='word_1_25' title='bbox 1816 700 1891 747; x_wconf 89' lang='lat' dir='ltr'><strong>ac</strong></span> <span class='ocrx_word' id='word_1_26' title='bbox 1947 677 2301 770; x_wconf 79' lang='lat' dir='ltr'><strong>quicunque</strong></span> <span class='ocrx_word' id='word_1_27' title='bbox 2359 675 2571 770; x_wconf 92' lang='lat' dir='ltr'><strong>populi</strong></span> <span class='ocrx_word' id='word_1_28' title='bbox 2626 674 2815 745; x_wconf 85' lang='lat' dir='ltr'><strong>verba</strong></span> 
     </span>
     <span class='ocr_line' id='line_1_5' title="bbox 568 782 2814 877; baseline -0.001 -24"><span class='ocrx_word' id='word_1_29' title='bbox 568 808 604 853; x_wconf 90' lang='lat' dir='ltr'><strong>a</strong></span> <span class='ocrx_word' id='word_1_30' title='bbox 650 785 1011 855; x_wconf 89' lang='lat' dir='ltr'><strong>nominibus</strong></span> <span class='ocrx_word' id='word_1_31' title='bbox 1058 807 1181 853; x_wconf 85' lang='lat' dir='ltr'><strong>non</strong></span> <span class='ocrx_word' id='word_1_32' title='bbox 1229 794 1563 855; x_wconf 80' lang='lat' dir='ltr'><strong>secernant</strong></span> <span class='ocrx_word' id='word_1_33' title='bbox 1609 783 1945 865; x_wconf 80' lang='lat' dir='ltr'><strong>acerrime,</strong></span> <span class='ocrx_word' id='word_1_34' title='bbox 1992 806 2201 877; x_wconf 91' lang='lat' dir='ltr'><strong>neque</strong></span> <span class='ocrx_word' id='word_1_35' title='bbox 2234 782 2659 877; x_wconf 88' lang='lat' dir='ltr'><strong>praedicatum</strong></span> <span class='ocrx_word' id='word_1_36' title='bbox 2692 806 2814 851; x_wconf 89' lang='lat' dir='ltr'><strong>ne-</strong></span> 
     </span>
     <span class='ocr_line' id='line_1_6' title="bbox 569 888 2817 1010; baseline -0.001 -52"><span class='ocrx_word' id='word_1_37' title='bbox 569 912 692 984; x_wconf 90' lang='lat' dir='ltr'><strong>que</strong></span> <span class='ocrx_word' id='word_1_38' title='bbox 736 890 1102 960; x_wconf 87' lang='lat' dir='ltr'><strong>attributum</strong></span> <span class='ocrx_word' id='word_1_39' title='bbox 1149 900 1292 1010; x_wconf 82' lang='lat' dir='ltr'><strong>apte</strong></span> <span class='ocrx_word' id='word_1_40' title='bbox 1340 892 1695 985; x_wconf 79' lang='lat' dir='ltr'><strong>exprimere</strong></span> <span class='ocrx_word' id='word_1_41' title='bbox 1740 898 1887 959; x_wconf 85' lang='lat' dir='ltr'><strong>sunt</strong></span> <span class='ocrx_word' id='word_1_42' title='bbox 1921 888 2259 981; x_wconf 89' lang='lat' dir='ltr'><strong>judicandi.</strong></span> <span class='ocrx_word' id='word_1_43' title='bbox 2326 888 2521 973; x_wconf 87' lang='lat' dir='ltr'><strong>Quod</strong></span> <span class='ocrx_word' id='word_1_44' title='bbox 2568 888 2649 958; x_wconf 90' lang='lat' dir='ltr'><strong>de</strong></span> <span class='ocrx_word' id='word_1_45' title='bbox 2695 888 2817 957; x_wconf 88' lang='lat' dir='ltr'><strong>lin-</strong></span> 
     </span>
     <span class='ocr_line' id='line_1_7' title="bbox 573 994 2817 1087; baseline -0.001 -23"><span class='ocrx_word' id='word_1_46' title='bbox 573 1016 698 1085; x_wconf 80' lang='lat' dir='ltr'><strong>gua</strong></span> <span class='ocrx_word' id='word_1_47' title='bbox 755 996 1000 1078; x_wconf 89' lang='lat' dir='ltr'><strong>Sinica‚</strong></span> <span class='ocrx_word' id='word_1_48' title='bbox 1055 998 1332 1067; x_wconf 90' lang='lat' dir='ltr'><strong>omnium</strong></span> <span class='ocrx_word' id='word_1_49' title='bbox 1387 998 1645 1067; x_wconf 87' lang='lat' dir='ltr'><strong>istarum</strong></span> <span class='ocrx_word' id='word_1_50' title='bbox 1701 996 2082 1087; x_wconf 87' lang='lat' dir='ltr'><strong>linguarum,</strong></span> <span class='ocrx_word' id='word_1_51' title='bbox 2150 1005 2222 1065; x_wconf 93' lang='lat' dir='ltr'><strong>ut</strong></span> <span class='ocrx_word' id='word_1_52' title='bbox 2270 996 2383 1065; x_wconf 82' lang='lat' dir='ltr'><strong>viri</strong></span> <span class='ocrx_word' id='word_1_53' title='bbox 2438 994 2605 1065; x_wconf 83' lang='lat' dir='ltr'><strong>docti</strong></span> <span class='ocrx_word' id='word_1_54' title='bbox 2660 1017 2817 1063; x_wconf 89' lang='lat' dir='ltr'><strong>con-</strong></span> 
     </span>
     <span class='ocr_line' id='line_1_8' title="bbox 571 1102 2193 1197; baseline 0 -27"><span class='ocrx_word' id='word_1_55' title='bbox 571 1102 870 1183; x_wconf 88' lang='lat' dir='ltr'><strong>sentiunt,</strong></span> <span class='ocrx_word' id='word_1_56' title='bbox 915 1104 1328 1185; x_wconf 88' lang='lat' dir='ltr'><strong>subtilissima,</strong></span> <span class='ocrx_word' id='word_1_57' title='bbox 1377 1104 1691 1197; x_wconf 84' lang='lat' dir='ltr'><strong>explicare</strong></span> <span class='ocrx_word' id='word_1_58' title='bbox 1739 1103 1841 1173; x_wconf 89' lang='lat' dir='ltr'><strong>hic</strong></span> <span class='ocrx_word' id='word_1_59' title='bbox 1886 1105 2193 1171; x_wconf 90' lang='lat' dir='ltr'><strong>volumus.</strong></span> 
     </span>
    </p>

    <p class='ocr_par' dir='ltr' id='par_1_3' title="bbox 561 1206 2841 3107">
     <span class='ocr_line' id='line_1_9' title="bbox 750 1206 2820 1301; baseline -0.002 -22"><span class='ocrx_word' id='word_1_60' title='bbox 750 1211 912 1279; x_wconf 89' lang='lat' dir='ltr'><strong>Nam</strong></span> <span class='ocrx_word' id='word_1_61' title='bbox 957 1212 1221 1301; x_wconf 86' lang='lat' dir='ltr'><strong>legimus</strong></span> <span class='ocrx_word' id='word_1_62' title='bbox 1267 1211 1326 1279; x_wconf 89' lang='lat' dir='ltr'><strong>in</strong></span> <span class='ocrx_word' id='word_1_63' title='bbox 1375 1209 1791 1301; x_wconf 79' lang='lat' dir='ltr'><strong>grammaticis</strong></span> <span class='ocrx_word' id='word_1_64' title='bbox 1848 1233 2068 1279; x_wconf 88' lang='lat' dir='ltr'><strong>vocum</strong></span> <span class='ocrx_word' id='word_1_65' title='bbox 2126 1209 2185 1278; x_wconf 92' lang='lat' dir='ltr'><strong>in</strong></span> <span class='ocrx_word' id='word_1_66' title='bbox 2234 1208 2665 1279; x_wconf 87' lang='lat' dir='ltr'><strong>enunciatione</strong></span> <span class='ocrx_word' id='word_1_67' title='bbox 2712 1206 2820 1278; x_wconf 88' lang='lat' dir='ltr'><strong>Si-</strong></span> 
     </span>
     <span class='ocr_line' id='line_1_10' title="bbox 573 1313 2819 1410; baseline 0 -29"><span class='ocrx_word' id='word_1_68' title='bbox 573 1313 712 1383; x_wconf 86' lang='lat' dir='ltr'><strong>nica</strong></span> <span class='ocrx_word' id='word_1_69' title='bbox 759 1314 1042 1386; x_wconf 89' lang='lat' dir='ltr'><strong>ordinem</strong></span> <span class='ocrx_word' id='word_1_70' title='bbox 1091 1340 1232 1387; x_wconf 89' lang='lat' dir='ltr'><strong>esse</strong></span> <span class='ocrx_word' id='word_1_71' title='bbox 1279 1340 1446 1390; x_wconf 87' lang='lat' dir='ltr'><strong>eum,</strong></span> <span class='ocrx_word' id='word_1_72' title='bbox 1490 1326 1566 1387; x_wconf 89' lang='lat' dir='ltr'><strong>ut</strong></span> <span class='ocrx_word' id='word_1_73' title='bbox 1605 1317 1955 1408; x_wconf 87' lang='lat' dir='ltr'><strong>subjectum</strong></span> <span class='ocrx_word' id='word_1_74' title='bbox 2002 1316 2063 1384; x_wconf 89' lang='lat' dir='ltr'><strong>in</strong></span> <span class='ocrx_word' id='word_1_75' title='bbox 2114 1316 2311 1408; x_wconf 88' lang='lat' dir='ltr'><strong>capite</strong></span> <span class='ocrx_word' id='word_1_76' title='bbox 2355 1323 2641 1410; x_wconf 89' lang='lat' dir='ltr'><strong>ponatur,</strong></span> <span class='ocrx_word' id='word_1_77' title='bbox 2685 1324 2819 1382; x_wconf 89' lang='lat' dir='ltr'><strong>tum</strong></span> 
     </span>
     <span class='ocr_line' id='line_1_11' title="bbox 572 1420 2821 1516; baseline -0 -27"><span class='ocrx_word' id='word_1_78' title='bbox 572 1430 874 1513; x_wconf 88' lang='lat' dir='ltr'><strong>sequatur</strong></span> <span class='ocrx_word' id='word_1_79' title='bbox 919 1421 1214 1504; x_wconf 90' lang='lat' dir='ltr'><strong>verbum,</strong></span> <span class='ocrx_word' id='word_1_80' title='bbox 1258 1423 1575 1514; x_wconf 86' lang='lat' dir='ltr'><strong>objectum</strong></span> <span class='ocrx_word' id='word_1_81' title='bbox 1623 1433 1766 1516; x_wconf 92' lang='lat' dir='ltr'><strong>post</strong></span> <span class='ocrx_word' id='word_1_82' title='bbox 1809 1422 2071 1491; x_wconf 89' lang='lat' dir='ltr'><strong>verbum</strong></span> <span class='ocrx_word' id='word_1_83' title='bbox 2115 1432 2412 1515; x_wconf 87' lang='lat' dir='ltr'><strong>ponatur,</strong></span> <span class='ocrx_word' id='word_1_84' title='bbox 2458 1420 2821 1492; x_wconf 86' lang='lat' dir='ltr'><strong>attributum</strong></span> 
     </span>
     <span class='ocr_line' id='line_1_12' title="bbox 573 1526 2823 1623; baseline -0 -29"><span class='ocrx_word' id='word_1_85' title='bbox 573 1536 720 1595; x_wconf 87' lang='lat' dir='ltr'><strong>ante</strong></span> <span class='ocrx_word' id='word_1_86' title='bbox 769 1526 1138 1621; x_wconf 87' lang='lat' dir='ltr'><strong>subjectum.</strong></span> <span class='ocrx_word' id='word_1_87' title='bbox 1216 1529 1345 1611; x_wconf 82' lang='lat' dir='ltr'><strong>Qui</strong></span> <span class='ocrx_word' id='word_1_88' title='bbox 1392 1528 1548 1597; x_wconf 89' lang='lat' dir='ltr'><strong>ordo</strong></span> <span class='ocrx_word' id='word_1_89' title='bbox 1597 1552 1786 1623; x_wconf 86' lang='lat' dir='ltr'><strong>quam</strong></span> <span class='ocrx_word' id='word_1_90' title='bbox 1832 1529 1909 1597; x_wconf 90' lang='lat' dir='ltr'><strong>sit</strong></span> <span class='ocrx_word' id='word_1_91' title='bbox 1954 1538 2133 1622; x_wconf 90' lang='lat' dir='ltr'><strong>aptus</strong></span> <span class='ocrx_word' id='word_1_92' title='bbox 2178 1552 2367 1599; x_wconf 89' lang='lat' dir='ltr'><strong>nemo</strong></span> <span class='ocrx_word' id='word_1_93' title='bbox 2414 1537 2511 1597; x_wconf 88' lang='lat' dir='ltr'><strong>est</strong></span> <span class='ocrx_word' id='word_1_94' title='bbox 2554 1528 2698 1622; x_wconf 90' lang='lat' dir='ltr'><strong>quin</strong></span> <span class='ocrx_word' id='word_1_95' title='bbox 2730 1526 2823 1594; x_wconf 85' lang='lat' dir='ltr'><strong>vi-</strong></span> 
     </span>
     <span class='ocr_line' id='line_1_13' title="bbox 575 1632 2827 1715; baseline -0.001 -14"><span class='ocrx_word' id='word_1_96' title='bbox 575 1632 754 1715; x_wconf 86' lang='lat' dir='ltr'><strong>deat,</strong></span> <span class='ocrx_word' id='word_1_97' title='bbox 813 1656 887 1703; x_wconf 91' lang='lat' dir='ltr'><strong>ac</strong></span> <span class='ocrx_word' id='word_1_98' title='bbox 941 1658 1014 1703; x_wconf 88' lang='lat' dir='ltr'><strong>re</strong></span> <span class='ocrx_word' id='word_1_99' title='bbox 1069 1658 1215 1705; x_wconf 88' lang='lat' dir='ltr'><strong>vera</strong></span> <span class='ocrx_word' id='word_1_100' title='bbox 1272 1634 1558 1705; x_wconf 86' lang='lat' dir='ltr'><strong>videntur</strong></span> <span class='ocrx_word' id='word_1_101' title='bbox 1613 1658 1837 1705; x_wconf 90' lang='lat' dir='ltr'><strong>vocum</strong></span> <span class='ocrx_word' id='word_1_102' title='bbox 1891 1636 2227 1705; x_wconf 75' lang='lat' dir='ltr'><strong>relationes</strong></span> <span class='ocrx_word' id='word_1_103' title='bbox 2285 1633 2680 1705; x_wconf 79' lang='lat' dir='ltr'><strong>subtilissime</strong></span> <span class='ocrx_word' id='word_1_104' title='bbox 2726 1632 2827 1701; x_wconf 88' lang='lat' dir='ltr'><strong>di-</strong></span> 
     </span>
     <span class='ocr_line' id='line_1_14' title="bbox 577 1739 2827 1837; baseline -0 -30"><span class='ocrx_word' id='word_1_105' title='bbox 577 1739 862 1811; x_wconf 86' lang='lat' dir='ltr'><strong>stinctae.</strong></span> <span class='ocrx_word' id='word_1_106' title='bbox 924 1743 1020 1811; x_wconf 88' lang='lat' dir='ltr'><strong>Ac</strong></span> <span class='ocrx_word' id='word_1_107' title='bbox 1067 1742 1404 1835; x_wconf 84' lang='lat' dir='ltr'><strong>praecipue</strong></span> <span class='ocrx_word' id='word_1_108' title='bbox 1451 1741 1512 1811; x_wconf 91' lang='lat' dir='ltr'><strong>id</strong></span> <span class='ocrx_word' id='word_1_109' title='bbox 1559 1741 1940 1811; x_wconf 89' lang='lat' dir='ltr'><strong>laudandum</strong></span> <span class='ocrx_word' id='word_1_110' title='bbox 1986 1741 2232 1812; x_wconf 87' lang='lat' dir='ltr'><strong>videtur</strong></span> <span class='ocrx_word' id='word_1_111' title='bbox 2285 1741 2455 1837; x_wconf 88' lang='lat' dir='ltr'><strong>quod</strong></span> <span class='ocrx_word' id='word_1_112' title='bbox 2510 1741 2675 1812; x_wconf 89' lang='lat' dir='ltr'><strong>bene</strong></span> <span class='ocrx_word' id='word_1_113' title='bbox 2722 1740 2827 1808; x_wconf 85' lang='lat' dir='ltr'><strong>Si-</strong></span> 
     </span>
     <span class='ocr_line' id='line_1_15' title="bbox 578 1846 2830 1942; baseline -0 -30"><span class='ocrx_word' id='word_1_114' title='bbox 578 1868 805 1916; x_wconf 90' lang='lat' dir='ltr'><strong>nenses</strong></span> <span class='ocrx_word' id='word_1_115' title='bbox 851 1856 1284 1937; x_wconf 86' lang='lat' dir='ltr'><strong>cognoverunt</strong></span> <span class='ocrx_word' id='word_1_116' title='bbox 1329 1848 1422 1917; x_wconf 88' lang='lat' dir='ltr'><strong>vel</strong></span> <span class='ocrx_word' id='word_1_117' title='bbox 1472 1856 1826 1929; x_wconf 87' lang='lat' dir='ltr'><strong>senserunt,</strong></span> <span class='ocrx_word' id='word_1_118' title='bbox 1872 1846 2037 1917; x_wconf 88' lang='lat' dir='ltr'><strong>aliud</strong></span> <span class='ocrx_word' id='word_1_119' title='bbox 2082 1848 2373 1942; x_wconf 86' lang='lat' dir='ltr'><strong>quiddam</strong></span> <span class='ocrx_word' id='word_1_120' title='bbox 2420 1870 2590 1927; x_wconf 88' lang='lat' dir='ltr'><strong>esse,</strong></span> <span class='ocrx_word' id='word_1_121' title='bbox 2634 1866 2830 1938; x_wconf 89' lang='lat' dir='ltr'><strong>quum</strong></span> 
     </span>
     <span class='ocr_line' id='line_1_16' title="bbox 577 1951 2829 2048; baseline 0 -30"><span class='ocrx_word' id='word_1_122' title='bbox 577 1974 807 2021; x_wconf 85' lang='lat' dir='ltr'><strong>nomen</strong></span> <span class='ocrx_word' id='word_1_123' title='bbox 855 1951 1154 2021; x_wconf 91' lang='lat' dir='ltr'><strong>attributo</strong></span> <span class='ocrx_word' id='word_1_124' title='bbox 1201 1952 1531 2022; x_wconf 87' lang='lat' dir='ltr'><strong>definiatur</strong></span> <span class='ocrx_word' id='word_1_125' title='bbox 1577 1976 1653 2023; x_wconf 90' lang='lat' dir='ltr'><strong>ac</strong></span> <span class='ocrx_word' id='word_1_126' title='bbox 1694 1976 1888 2048; x_wconf 88' lang='lat' dir='ltr'><strong>quum</strong></span> <span class='ocrx_word' id='word_1_127' title='bbox 1919 1953 2179 2024; x_wconf 90' lang='lat' dir='ltr'><strong>verbum</strong></span> <span class='ocrx_word' id='word_1_128' title='bbox 2212 1954 2466 2047; x_wconf 87' lang='lat' dir='ltr'><strong>accipiat</strong></span> <span class='ocrx_word' id='word_1_129' title='bbox 2494 1952 2829 2044; x_wconf 87' lang='lat' dir='ltr'><strong>objectum.</strong></span> 
     </span>
     <span class='ocr_line' id='line_1_17' title="bbox 579 2055 2829 2155; baseline -0 -30"><span class='ocrx_word' id='word_1_130' title='bbox 579 2058 652 2125; x_wconf 93' lang='lat' dir='ltr'><strong>In</strong></span> <span class='ocrx_word' id='word_1_131' title='bbox 686 2080 812 2151; x_wconf 90' lang='lat' dir='ltr'><strong>quo</strong></span> <span class='ocrx_word' id='word_1_132' title='bbox 845 2057 1053 2155; x_wconf 80' lang='lat' dir='ltr'><strong>lingua</strong></span> <span class='ocrx_word' id='word_1_133' title='bbox 1083 2060 1445 2129; x_wconf 90' lang='lat' dir='ltr'><strong>Barmanica</strong></span> <span class='ocrx_word' id='word_1_134' title='bbox 1479 2061 1724 2130; x_wconf 89' lang='lat' dir='ltr'><strong>Sinicae</strong></span> <span class='ocrx_word' id='word_1_135' title='bbox 1759 2069 1854 2129; x_wconf 89' lang='lat' dir='ltr'><strong>est</strong></span> <span class='ocrx_word' id='word_1_136' title='bbox 1884 2060 2311 2153; x_wconf 85' lang='lat' dir='ltr'><strong>posthabenda</strong></span> <span class='ocrx_word' id='word_1_137' title='bbox 2344 2059 2563 2146; x_wconf 63' lang='lat' dir='ltr'><strong>(cLH.</strong></span> <span class='ocrx_word' id='word_1_138' title='bbox 2588 2055 2829 2125; x_wconf 88' lang='lat' dir='ltr'><strong>Einlei-</strong></span> 
     </span>
     <span class='ocr_line' id='line_1_18' title="bbox 577 2158 2831 2260; baseline -0 -29"><span class='ocrx_word' id='word_1_139' title='bbox 577 2174 740 2255; x_wconf 86' lang='lat' dir='ltr'><strong>tung</strong></span> <span class='ocrx_word' id='word_1_140' title='bbox 784 2188 846 2257; x_wconf 90' lang='lat' dir='ltr'><strong>p.</strong></span> <span class='ocrx_word' id='word_1_141' title='bbox 893 2164 1464 2251; x_wconf 85' lang='lat' dir='ltr'>CCCLXXVIII.).</span> <span class='ocrx_word' id='word_1_142' title='bbox 1556 2166 1803 2258; x_wconf 79' lang='lat' dir='ltr'><strong>Lingua</strong></span> <span class='ocrx_word' id='word_1_143' title='bbox 1848 2158 2231 2235; x_wconf 83' lang='lat' dir='ltr'><strong>Annamitica</strong></span> <span class='ocrx_word' id='word_1_144' title='bbox 2286 2186 2541 2260; x_wconf 88' lang='lat' dir='ltr'><strong>quoque</strong></span> <span class='ocrx_word' id='word_1_145' title='bbox 2588 2161 2831 2232; x_wconf 89' lang='lat' dir='ltr'><strong>subtili-</strong></span> 
     </span>
     <span class='ocr_line' id='line_1_19' title="bbox 577 2269 2833 2365; baseline -0 -27"><span class='ocrx_word' id='word_1_146' title='bbox 577 2278 774 2339; x_wconf 84' lang='lat' dir='ltr'><strong>tatem</strong></span> <span class='ocrx_word' id='word_1_147' title='bbox 822 2271 1091 2365; x_wconf 88' lang='lat' dir='ltr'><strong>Sinicam</strong></span> <span class='ocrx_word' id='word_1_148' title='bbox 1135 2294 1260 2341; x_wconf 91' lang='lat' dir='ltr'><strong>non</strong></span> <span class='ocrx_word' id='word_1_149' title='bbox 1309 2270 1563 2361; x_wconf 90' lang='lat' dir='ltr'><strong>attingit.</strong></span> <span class='ocrx_word' id='word_1_150' title='bbox 1659 2274 1876 2356; x_wconf 85' lang='lat' dir='ltr'><strong>Quum</strong></span> <span class='ocrx_word' id='word_1_151' title='bbox 1924 2271 2087 2340; x_wconf 90' lang='lat' dir='ltr'><strong>enim</strong></span> <span class='ocrx_word' id='word_1_152' title='bbox 2145 2269 2481 2362; x_wconf 89' lang='lat' dir='ltr'><strong>genitivum</strong></span> <span class='ocrx_word' id='word_1_153' title='bbox 2524 2279 2668 2364; x_wconf 88' lang='lat' dir='ltr'><strong>post</strong></span> <span class='ocrx_word' id='word_1_154' title='bbox 2712 2292 2833 2339; x_wconf 89' lang='lat' dir='ltr'><strong>no·-</strong></span> 
     </span>
     <span class='ocr_line' id='line_1_20' title="bbox 579 2375 2834 2471; baseline -0.001 -27"><span class='ocrx_word' id='word_1_155' title='bbox 579 2399 761 2455; x_wconf 87' lang='lat' dir='ltr'><strong>men,</strong></span> <span class='ocrx_word' id='word_1_156' title='bbox 809 2375 886 2445; x_wconf 90' lang='lat' dir='ltr'><strong>ad</strong></span> <span class='ocrx_word' id='word_1_157' title='bbox 931 2376 1101 2470; x_wconf 91' lang='lat' dir='ltr'><strong>quod</strong></span> <span class='ocrx_word' id='word_1_158' title='bbox 1146 2376 1490 2461; x_wconf 83' lang='lat' dir='ltr'><strong>reseratur,</strong></span> <span class='ocrx_word' id='word_1_159' title='bbox 1547 2387 1739 2471; x_wconf 91' lang='lat' dir='ltr'><strong>ponat</strong></span> <span class='ocrx_word' id='word_1_160' title='bbox 1784 2379 1962 2448; x_wconf 89' lang='lat' dir='ltr'><strong>sicuti</strong></span> <span class='ocrx_word' id='word_1_161' title='bbox 2009 2378 2323 2470; x_wconf 78' lang='lat' dir='ltr'><strong>obJectum</strong></span> <span class='ocrx_word' id='word_1_162' title='bbox 2366 2385 2511 2471; x_wconf 91' lang='lat' dir='ltr'><strong>post</strong></span> <span class='ocrx_word' id='word_1_163' title='bbox 2552 2375 2834 2456; x_wconf 89' lang='lat' dir='ltr'><strong>verbum,</strong></span> 
     </span>
     <span class='ocr_line' id='line_1_21' title="bbox 577 2480 2835 2577; baseline 0 -26"><span class='ocrx_word' id='word_1_164' title='bbox 577 2481 932 2552; x_wconf 87' lang='lat' dir='ltr'><strong>nominibus</strong></span> <span class='ocrx_word' id='word_1_165' title='bbox 981 2483 1167 2553; x_wconf 89' lang='lat' dir='ltr'><strong>etiam</strong></span> <span class='ocrx_word' id='word_1_166' title='bbox 1207 2482 1356 2565; x_wconf 82' lang='lat' dir='ltr'><strong>vim,</strong></span> <span class='ocrx_word' id='word_1_167' title='bbox 1403 2506 1590 2577; x_wconf 90' lang='lat' dir='ltr'><strong>quam</strong></span> <span class='ocrx_word' id='word_1_168' title='bbox 1634 2484 1849 2554; x_wconf 71' lang='lat' dir='ltr'><strong>dicunt</strong></span> <span class='ocrx_word' id='word_1_169' title='bbox 1892 2483 2303 2575; x_wconf 85' lang='lat' dir='ltr'><strong>grammatici,</strong></span> <span class='ocrx_word' id='word_1_170' title='bbox 2350 2480 2613 2574; x_wconf 87' lang='lat' dir='ltr'><strong>regendi</strong></span> <span class='ocrx_word' id='word_1_171' title='bbox 2656 2480 2835 2551; x_wconf 89' lang='lat' dir='ltr'><strong>attri-</strong></span> 
     </span>
     <span class='ocr_line' id='line_1_22' title="bbox 578 2588 2835 2685; baseline -0.001 -26"><span class='ocrx_word' id='word_1_172' title='bbox 578 2588 736 2673; x_wconf 82' lang='lat' dir='ltr'><strong>buit,</strong></span> <span class='ocrx_word' id='word_1_173' title='bbox 783 2612 946 2683; x_wconf 90' lang='lat' dir='ltr'><strong>quae</strong></span> <span class='ocrx_word' id='word_1_174' title='bbox 993 2590 1182 2659; x_wconf 87' lang='lat' dir='ltr'><strong>solius</strong></span> <span class='ocrx_word' id='word_1_175' title='bbox 1229 2590 1401 2659; x_wconf 88' lang='lat' dir='ltr'><strong>verbi</strong></span> <span class='ocrx_word' id='word_1_176' title='bbox 1445 2591 1522 2659; x_wconf 90' lang='lat' dir='ltr'><strong>sit</strong></span> <span class='ocrx_word' id='word_1_177' title='bbox 1566 2592 1843 2685; x_wconf 86' lang='lat' dir='ltr'><strong>propria;</strong></span> <span class='ocrx_word' id='word_1_178' title='bbox 1890 2613 2213 2685; x_wconf 82' lang='lat' dir='ltr'><strong>quumque</strong></span> <span class='ocrx_word' id='word_1_179' title='bbox 2259 2588 2629 2681; x_wconf 87' lang='lat' dir='ltr'><strong>adjectivum</strong></span> <span class='ocrx_word' id='word_1_180' title='bbox 2670 2611 2835 2657; x_wconf 89' lang='lat' dir='ltr'><strong>sem·</strong></span> 
     </span>
     <span class='ocr_line' id='line_1_23' title="bbox 579 2694 2835 2789; baseline -0.002 -24"><span class='ocrx_word' id='word_1_181' title='bbox 579 2718 696 2789; x_wconf 87' lang='lat' dir='ltr'><strong>per</strong></span> <span class='ocrx_word' id='word_1_182' title='bbox 741 2706 1044 2789; x_wconf 88' lang='lat' dir='ltr'><strong>sequatur</strong></span> <span class='ocrx_word' id='word_1_183' title='bbox 1091 2720 1346 2779; x_wconf 87' lang='lat' dir='ltr'><strong>nomen,</strong></span> <span class='ocrx_word' id='word_1_184' title='bbox 1393 2697 1756 2767; x_wconf 88' lang='lat' dir='ltr'><strong>attributum</strong></span> <span class='ocrx_word' id='word_1_185' title='bbox 1805 2720 1841 2766; x_wconf 87' lang='lat' dir='ltr'><strong>a</strong></span> <span class='ocrx_word' id='word_1_186' title='bbox 1886 2696 2241 2789; x_wconf 87' lang='lat' dir='ltr'><strong>praedicato</strong></span> <span class='ocrx_word' id='word_1_187' title='bbox 2286 2694 2668 2785; x_wconf 86' lang='lat' dir='ltr'><strong>distinguere</strong></span> <span class='ocrx_word' id='word_1_188' title='bbox 2711 2716 2835 2762; x_wconf 91' lang='lat' dir='ltr'><strong>non</strong></span> 
     </span>
     <span class='ocr_line' id='line_1_24' title="bbox 581 2800 2841 2897; baseline -0.001 -27"><span class='ocrx_word' id='word_1_189' title='bbox 581 2810 811 2895; x_wconf 89' lang='lat' dir='ltr'><strong>potest.</strong></span> <span class='ocrx_word' id='word_1_190' title='bbox 899 2803 1120 2896; x_wconf 89' lang='lat' dir='ltr'><strong>Itaque</strong></span> <span class='ocrx_word' id='word_1_191' title='bbox 1173 2800 1311 2873; x_wconf 60' lang='lat' dir='ltr'><strong>‘ced</strong></span> <span class='ocrx_word' id='word_1_192' title='bbox 1357 2801 1546 2874; x_wconf 74' lang='grc' dir='ltr'><strong><em>εἰιίὂη</em></strong></span> <span class='ocrx_word' id='word_1_193' title='bbox 1599 2804 1755 2873; x_wconf 87' lang='lat' dir='ltr'><strong>verti</strong></span> <span class='ocrx_word' id='word_1_194' title='bbox 1815 2811 2023 2897; x_wconf 87' lang='lat' dir='ltr'><strong>potest</strong></span> <span class='ocrx_word' id='word_1_195' title='bbox 2074 2804 2387 2893; x_wconf 73' lang='lat' dir='ltr'><strong>remiqare</strong></span> <span class='ocrx_word' id='word_1_196' title='bbox 2440 2803 2729 2892; x_wconf 78' lang='lat' dir='ltr'><strong>cymbam</strong></span> <span class='ocrx_word' id='word_1_197' title='bbox 2774 2806 2841 2867; x_wconf 88' lang='lat' dir='ltr'><strong>et</strong></span> 
     </span>
     <span class='ocr_line' id='line_1_25' title="bbox 561 2906 2835 2999; baseline -0.001 -22"><span class='ocrx_word' id='word_1_198' title='bbox 561 2932 796 2999; x_wconf 65' lang='lat' dir='ltr'><strong>⁸remus</strong></span> <span class='ocrx_word' id='word_1_199' title='bbox 839 2910 1122 2999; x_wconf 55' lang='lat' dir='ltr'><strong>cymbam</strong></span> <span class='ocrx_word' id='word_1_200' title='bbox 1180 2910 1298 2979; x_wconf 66' lang='lat' dir='ltr'><strong>mii</strong></span> <span class='ocrx_word' id='word_1_201' title='bbox 1341 2909 1464 2978; x_wconf 77' lang='lat' dir='ltr'><strong>kao</strong></span> <span class='ocrx_word' id='word_1_202' title='bbox 1514 2917 1611 2977; x_wconf 88' lang='lat' dir='ltr'><strong>est</strong></span> <span class='ocrx_word' id='word_1_203' title='bbox 1657 2911 1827 2980; x_wconf 79' lang='lat' dir='ltr'><strong>altus</strong></span> <span class='ocrx_word' id='word_1_204' title='bbox 1882 2933 2069 2979; x_wconf 79' lang='lat' dir='ltr'><strong>mons</strong></span> <span class='ocrx_word' id='word_1_205' title='bbox 2116 2919 2181 2979; x_wconf 89' lang='lat' dir='ltr'><strong>et</strong></span> <span class='ocrx_word' id='word_1_206' title='bbox 2223 2931 2411 2978; x_wconf 75' lang='lat' dir='ltr'><strong>mons</strong></span> <span class='ocrx_word' id='word_1_207' title='bbox 2456 2907 2627 2977; x_wconf 79' lang='lat' dir='ltr'><strong>altus</strong></span> <span class='ocrx_word' id='word_1_208' title='bbox 2682 2906 2835 2991; x_wconf 84' lang='lat' dir='ltr'><strong>(kao</strong></span> 
     </span>
     <span class='ocr_line' id='line_1_26' title="bbox 585 3012 1262 3107; baseline -0.009 -22"><span class='ocrx_word' id='word_1_209' title='bbox 585 3024 683 3085; x_wconf 90' lang='lat' dir='ltr'><strong>est</strong></span> <span class='ocrx_word' id='word_1_210' title='bbox 727 3014 1002 3093; x_wconf 87' lang='lat' dir='ltr'><strong>Sinicum</strong></span> <span class='ocrx_word' id='word_1_211' title='bbox 1053 3013 1118 3107; x_wconf 92' lang='lat'><strong>[1</strong></span> <span class='ocrx_word' id='word_1_212' title='bbox 1147 3012 1262 3107; x_wconf 86' lang='lat' dir='ltr'><strong>a]).</strong></span> 
     </span>
    </p>

    <p class='ocr_par' dir='ltr' id='par_1_4' title="bbox 585 3118 2853 4276">
     <span class='ocr_line' id='line_1_27' title="bbox 763 3118 2841 3214; baseline -0.001 -25"><span class='ocrx_word' id='word_1_213' title='bbox 763 3121 1062 3189; x_wconf 88' lang='lat' dir='ltr'><strong>Attamen</strong></span> <span class='ocrx_word' id='word_1_214' title='bbox 1110 3142 1305 3214; x_wconf 90' lang='lat' dir='ltr'><strong>quum</strong></span> <span class='ocrx_word' id='word_1_215' title='bbox 1365 3142 1498 3190; x_wconf 86' lang='lat' dir='ltr'><strong>rem</strong></span> <span class='ocrx_word' id='word_1_216' title='bbox 1555 3122 1635 3191; x_wconf 87' lang='lat' dir='ltr'><strong>ad</strong></span> <span class='ocrx_word' id='word_1_217' title='bbox 1680 3124 1881 3192; x_wconf 89' lang='lat' dir='ltr'><strong>vivum</strong></span> <span class='ocrx_word' id='word_1_218' title='bbox 1938 3144 2331 3201; x_wconf 88' lang='lat' dir='ltr'><strong>resecemus,</strong></span> <span class='ocrx_word' id='word_1_219' title='bbox 2388 3130 2461 3189; x_wconf 91' lang='lat' dir='ltr'><strong>ut</strong></span> <span class='ocrx_word' id='word_1_220' title='bbox 2512 3118 2841 3198; x_wconf 88' lang='lat' dir='ltr'><strong>debemus,</strong></span> 
     </span>
     <span class='ocr_line' id='line_1_28' title="bbox 586 3224 2840 3322; baseline -0.001 -27"><span class='ocrx_word' id='word_1_221' title='bbox 586 3227 637 3295; x_wconf 91' lang='lat' dir='ltr'><strong>si</strong></span> <span class='ocrx_word' id='word_1_222' title='bbox 681 3224 938 3320; x_wconf 89' lang='lat' dir='ltr'><strong>quidem</strong></span> <span class='ocrx_word' id='word_1_223' title='bbox 987 3249 1131 3296; x_wconf 86' lang='lat' dir='ltr'><strong>eam</strong></span> <span class='ocrx_word' id='word_1_224' title='bbox 1176 3228 1424 3321; x_wconf 89' lang='lat' dir='ltr'><strong>penitus</strong></span> <span class='ocrx_word' id='word_1_225' title='bbox 1468 3228 1825 3322; x_wconf 87' lang='lat' dir='ltr'><strong>perspicere</strong></span> <span class='ocrx_word' id='word_1_226' title='bbox 1872 3228 2187 3307; x_wconf 87' lang='lat' dir='ltr'><strong>volumus,</strong></span> <span class='ocrx_word' id='word_1_227' title='bbox 2234 3226 2438 3298; x_wconf 87' lang='lat' dir='ltr'><strong>Sinica</strong></span> <span class='ocrx_word' id='word_1_228' title='bbox 2486 3226 2671 3295; x_wconf 88' lang='lat' dir='ltr'><strong>etiam</strong></span> <span class='ocrx_word' id='word_1_229' title='bbox 2716 3225 2840 3293; x_wconf 86' lang='lat' dir='ltr'><strong>lin-</strong></span> 
     </span>
     <span class='ocr_line' id='line_1_29' title="bbox 585 3331 2839 3429; baseline -0.002 -28"><span class='ocrx_word' id='word_1_230' title='bbox 585 3353 710 3422; x_wconf 85' lang='lat' dir='ltr'><strong>gua</strong></span> <span class='ocrx_word' id='word_1_231' title='bbox 767 3331 1108 3401; x_wconf 88' lang='lat' dir='ltr'><strong>verborum</strong></span> <span class='ocrx_word' id='word_1_232' title='bbox 1178 3334 1582 3405; x_wconf 86' lang='lat' dir='ltr'><strong>collocatione</strong></span> <span class='ocrx_word' id='word_1_233' title='bbox 1651 3334 2077 3429; x_wconf 89' lang='lat' dir='ltr'><strong>praedicatum</strong></span> <span class='ocrx_word' id='word_1_234' title='bbox 2147 3342 2213 3403; x_wconf 91' lang='lat' dir='ltr'><strong>et</strong></span> <span class='ocrx_word' id='word_1_235' title='bbox 2278 3332 2643 3403; x_wconf 85' lang='lat' dir='ltr'><strong>attributum</strong></span> <span class='ocrx_word' id='word_1_236' title='bbox 2713 3352 2839 3398; x_wconf 90' lang='lat' dir='ltr'><strong>non</strong></span> 
     </span>
     <span class='ocr_line' id='line_1_30' title="bbox 585 3434 2843 3533; baseline -0.001 -28"><span class='ocrx_word' id='word_1_237' title='bbox 585 3437 946 3528; x_wconf 84' lang='lat' dir='ltr'><strong>distinguit,</strong></span> <span class='ocrx_word' id='word_1_238' title='bbox 1003 3448 1194 3533; x_wconf 88' lang='lat' dir='ltr'><strong>atque</strong></span> <span class='ocrx_word' id='word_1_239' title='bbox 1239 3439 1496 3508; x_wconf 90' lang='lat' dir='ltr'><strong>omnino</strong></span> <span class='ocrx_word' id='word_1_240' title='bbox 1545 3441 1956 3511; x_wconf 89' lang='lat' dir='ltr'><strong>collocatione</strong></span> <span class='ocrx_word' id='word_1_241' title='bbox 2003 3440 2453 3532; x_wconf 72' lang='lat' dir='ltr'><strong>yrammaticas</strong></span> <span class='ocrx_word' id='word_1_242' title='bbox 2500 3434 2843 3525; x_wconf 85' lang='lat' dir='ltr'><strong>categorias</strong></span> 
     </span>
     <span class='ocr_line' id='line_1_31' title="bbox 587 3542 2843 3642; baseline -0.001 -31"><span class='ocrx_word' id='word_1_243' title='bbox 587 3542 856 3635; x_wconf 84' lang='lat' dir='ltr'><strong>exprimi</strong></span> <span class='ocrx_word' id='word_1_244' title='bbox 915 3564 1130 3638; x_wconf 87' lang='lat' dir='ltr'><strong>posse,</strong></span> <span class='ocrx_word' id='word_1_245' title='bbox 1193 3554 1302 3614; x_wconf 91' lang='lat' dir='ltr'><strong>aut</strong></span> <span class='ocrx_word' id='word_1_246' title='bbox 1357 3570 1391 3615; x_wconf 93' lang='lat' dir='ltr'><strong>a</strong></span> <span class='ocrx_word' id='word_1_247' title='bbox 1454 3546 1823 3617; x_wconf 90' lang='lat' dir='ltr'><strong>Sinensibus</strong></span> <span class='ocrx_word' id='word_1_248' title='bbox 1878 3548 2191 3642; x_wconf 87' lang='lat' dir='ltr'><strong>quaesitas</strong></span> <span class='ocrx_word' id='word_1_249' title='bbox 2248 3543 2610 3636; x_wconf 88' lang='lat' dir='ltr'><strong>negandum</strong></span> <span class='ocrx_word' id='word_1_250' title='bbox 2667 3552 2843 3634; x_wconf 88' lang='lat' dir='ltr'><strong>puto.</strong></span> 
     </span>
     <span class='ocr_line' id='line_1_32' title="bbox 589 3644 2845 3745; baseline -0.003 -26"><span class='ocrx_word' id='word_1_251' title='bbox 589 3652 750 3719; x_wconf 89' lang='lat' dir='ltr'><strong>Nam</strong></span> <span class='ocrx_word' id='word_1_252' title='bbox 801 3650 851 3719; x_wconf 88' lang='lat' dir='ltr'><strong>si</strong></span> <span class='ocrx_word' id='word_1_253' title='bbox 898 3652 1248 3741; x_wconf 83' lang='lat' dir='ltr'><strong>categorias</strong></span> <span class='ocrx_word' id='word_1_254' title='bbox 1301 3674 1523 3723; x_wconf 87' lang='lat' dir='ltr'><strong>revera</strong></span> <span class='ocrx_word' id='word_1_255' title='bbox 1579 3676 1803 3723; x_wconf 89' lang='lat' dir='ltr'><strong>vocum</strong></span> <span class='ocrx_word' id='word_1_256' title='bbox 1866 3654 2085 3724; x_wconf 88' lang='lat' dir='ltr'><strong>ordine</strong></span> <span class='ocrx_word' id='word_1_257' title='bbox 2145 3652 2501 3745; x_wconf 88' lang='lat' dir='ltr'><strong>exprimere</strong></span> <span class='ocrx_word' id='word_1_258' title='bbox 2547 3644 2845 3716; x_wconf 88' lang='lat' dir='ltr'><strong>intende-</strong></span> 
     </span>
     <span class='ocr_line' id='line_1_33' title="bbox 587 3748 2848 3850; baseline -0.002 -27"><span class='ocrx_word' id='word_1_259' title='bbox 587 3765 754 3835; x_wconf 88' lang='lat' dir='ltr'><strong>rent,</strong></span> <span class='ocrx_word' id='word_1_260' title='bbox 800 3756 968 3823; x_wconf 89' lang='lat' dir='ltr'><strong>hunc</strong></span> <span class='ocrx_word' id='word_1_261' title='bbox 1016 3779 1336 3850; x_wconf 88' lang='lat' dir='ltr'><strong>nunquam</strong></span> <span class='ocrx_word' id='word_1_262' title='bbox 1383 3782 1454 3828; x_wconf 90' lang='lat' dir='ltr'><strong>ac</strong></span> <span class='ocrx_word' id='word_1_263' title='bbox 1498 3760 1673 3830; x_wconf 89' lang='lat' dir='ltr'><strong>nullo</strong></span> <span class='ocrx_word' id='word_1_264' title='bbox 1722 3760 1907 3830; x_wconf 90' lang='lat' dir='ltr'><strong>modo</strong></span> <span class='ocrx_word' id='word_1_265' title='bbox 1950 3761 2281 3830; x_wconf 89' lang='lat' dir='ltr'><strong>immutare</strong></span> <span class='ocrx_word' id='word_1_266' title='bbox 2312 3761 2586 3849; x_wconf 87' lang='lat' dir='ltr'><strong>possent.</strong></span> <span class='ocrx_word' id='word_1_267' title='bbox 2657 3748 2848 3834; x_wconf 87' lang='lat' dir='ltr'><strong>Quod</strong></span> 
     </span>
     <span class='ocr_line' id='line_1_34' title="bbox 587 3857 2850 3959; baseline -0 -31"><span class='ocrx_word' id='word_1_268' title='bbox 587 3870 800 3929; x_wconf 86' lang='lat' dir='ltr'><strong>tamen</strong></span> <span class='ocrx_word' id='word_1_269' title='bbox 847 3860 920 3929; x_wconf 86' lang='lat' dir='ltr'><strong>fit</strong></span> <span class='ocrx_word' id='word_1_270' title='bbox 963 3861 1049 3931; x_wconf 93' lang='lat' dir='ltr'><strong>ob</strong></span> <span class='ocrx_word' id='word_1_271' title='bbox 1092 3863 1445 3934; x_wconf 88' lang='lat' dir='ltr'><strong>rhetoricas</strong></span> <span class='ocrx_word' id='word_1_272' title='bbox 1492 3876 1558 3935; x_wconf 90' lang='lat' dir='ltr'><strong>et</strong></span> <span class='ocrx_word' id='word_1_273' title='bbox 1602 3865 1979 3959; x_wconf 80' lang='lat' dir='ltr'><strong>rhythmicas</strong></span> <span class='ocrx_word' id='word_1_274' title='bbox 2028 3886 2244 3934; x_wconf 89' lang='lat' dir='ltr'><strong>causas</strong></span> <span class='ocrx_word' id='word_1_275' title='bbox 2288 3860 2352 3930; x_wconf 89' lang='lat' dir='ltr'><strong>in</strong></span> <span class='ocrx_word' id='word_1_276' title='bbox 2410 3857 2850 3952; x_wconf 88' lang='lat' dir='ltr'><strong>antiquissimis</strong></span> 
     </span>
     <span class='ocr_line' id='line_1_35' title="bbox 591 3963 2853 4064; baseline -0.001 -29"><span class='ocrx_word' id='word_1_277' title='bbox 591 3964 775 4035; x_wconf 88' lang='lat' dir='ltr'><strong>etiam</strong></span> <span class='ocrx_word' id='word_1_278' title='bbox 823 3966 1027 4049; x_wconf 80' lang='lat' dir='ltr'><strong>libris,</strong></span> <span class='ocrx_word' id='word_1_279' title='bbox 1083 3970 1191 4062; x_wconf 86' lang='lat' dir='ltr'><strong>qui</strong></span> <span class='ocrx_word' id='word_1_280' title='bbox 1256 3970 1389 4041; x_wconf 83' lang='lat' dir='ltr'><strong>fere</strong></span> <span class='ocrx_word' id='word_1_281' title='bbox 1433 3972 1618 4042; x_wconf 86' lang='lat' dir='ltr'><strong>omni</strong></span> <span class='ocrx_word' id='word_1_282' title='bbox 1679 3980 1897 4041; x_wconf 85' lang='lat' dir='ltr'><strong>carent</strong></span> <span class='ocrx_word' id='word_1_283' title='bbox 1949 3970 2250 4064; x_wconf 88' lang='lat' dir='ltr'><strong>particula</strong></span> <span class='ocrx_word' id='word_1_284' title='bbox 2308 3979 2375 4038; x_wconf 85' lang='lat' dir='ltr'><strong>et</strong></span> <span class='ocrx_word' id='word_1_285' title='bbox 2418 3964 2569 4044; x_wconf 87' lang='lat' dir='ltr'><strong>nibil</strong></span> <span class='ocrx_word' id='word_1_286' title='bbox 2615 3963 2853 4034; x_wconf 87' lang='lat' dir='ltr'><strong>babent</strong></span> 
     </span>
     <span class='ocr_line' id='line_1_36' title="bbox 589 4073 2851 4170; baseline -0.002 -27"><span class='ocrx_word' id='word_1_287' title='bbox 589 4094 718 4167; x_wconf 86' lang='lat' dir='ltr'><strong>quo</strong></span> <span class='ocrx_word' id='word_1_288' title='bbox 762 4096 986 4157; x_wconf 82' lang='lat' dir='ltr'><strong>vocum</strong></span> <span class='ocrx_word' id='word_1_289' title='bbox 1032 4076 1342 4147; x_wconf 89' lang='lat' dir='ltr'><strong>rationem</strong></span> <span class='ocrx_word' id='word_1_290' title='bbox 1391 4078 1697 4147; x_wconf 86' lang='lat' dir='ltr'><strong>denotare</strong></span> <span class='ocrx_word' id='word_1_291' title='bbox 1742 4076 1984 4170; x_wconf 89' lang='lat' dir='ltr'><strong>possint</strong></span> <span class='ocrx_word' id='word_1_292' title='bbox 2026 4076 2144 4145; x_wconf 89' lang='lat' dir='ltr'><strong>nisi</strong></span> <span class='ocrx_word' id='word_1_293' title='bbox 2190 4073 2615 4144; x_wconf 88' lang='lat' dir='ltr'><strong>collocatione.</strong></span> <span class='ocrx_word' id='word_1_294' title='bbox 2681 4073 2851 4141; x_wconf 89' lang='lat' dir='ltr'><strong>Num</strong></span> 
     </span>
     <span class='ocr_line' id='line_1_37' title="bbox 585 4174 2849 4276; baseline -0.001 -29"><span class='ocrx_word' id='word_1_295' title='bbox 585 4177 776 4269; x_wconf 89' lang='lat' dir='ltr'><strong>igitur</strong></span> <span class='ocrx_word' id='word_1_296' title='bbox 823 4201 938 4248; x_wconf 90' lang='lat' dir='ltr'><strong>nos</strong></span> <span class='ocrx_word' id='word_1_297' title='bbox 983 4182 1336 4253; x_wconf 87' lang='lat' dir='ltr'><strong>oratoribus</strong></span> <span class='ocrx_word' id='word_1_298' title='bbox 1394 4194 1460 4253; x_wconf 90' lang='lat' dir='ltr'><strong>et</strong></span> <span class='ocrx_word' id='word_1_299' title='bbox 1517 4182 1715 4276; x_wconf 87' lang='lat' dir='ltr'><strong>poetis</strong></span> <span class='ocrx_word' id='word_1_300' title='bbox 1762 4180 2112 4251; x_wconf 84' lang='lat' dir='ltr'><strong>concedere</strong></span> <span class='ocrx_word' id='word_1_301' title='bbox 2165 4202 2519 4275; x_wconf 86' lang='lat' dir='ltr'><strong>possumus,</strong></span> <span class='ocrx_word' id='word_1_302' title='bbox 2578 4187 2651 4248; x_wconf 91' lang='lat' dir='ltr'><strong>ut</strong></span> <span class='ocrx_word' id='word_1_303' title='bbox 2694 4174 2849 4246; x_wconf 92' lang='lat' dir='ltr'><strong>sub-</strong></span> 
     </span>
    </p>
   </div>
   <div class='ocr_carea' id='block_1_3' title="bbox 579 4277 2849 4469">
    <p class='ocr_par' dir='ltr' id='par_1_5' title="bbox 579 4277 2849 4464">
     <span class='ocr_line' id='line_1_38' title="bbox 579 4277 2849 4461; baseline -0.001 -108"><span class='ocrx_word' id='word_1_304' title='bbox 579 4277 946 4461; x_wconf 66' lang='lat' dir='ltr'><strong>jectpmdet</strong></span> <span class='ocrx_word' id='word_1_305' title='bbox 989 4287 1316 4461; x_wconf 65' lang='lat' dir='ltr'><strong>⁴pbjectum</strong></span> <span class='ocrx_word' id='word_1_306' title='bbox 1375 4290 1466 4360; x_wconf 87' lang='lat' dir='ltr'><strong>vel</strong></span> <span class='ocrx_word' id='word_1_307' title='bbox 1526 4288 1644 4358; x_wconf 89' lang='lat' dir='ltr'><strong>alia</strong></span> <span class='ocrx_word' id='word_1_308' title='bbox 1705 4288 2069 4379; x_wconf 86' lang='lat' dir='ltr'><strong>gravissima</strong></span> <span class='ocrx_word' id='word_1_309' title='bbox 2126 4286 2479 4359; x_wconf 85' lang='lat' dir='ltr'><strong>sententiae</strong></span> <span class='ocrx_word' id='word_1_310' title='bbox 2537 4286 2849 4355; x_wconf 88' lang='lat' dir='ltr'><strong>elementa</strong></span> 
     </span>
     <span class='ocr_line' id='line_1_39' title="bbox 593 4402 977 4469; baseline 0.008 -9"><span class='ocrx_word' id='word_1_311' title='bbox 593 4412 709 4463; x_wconf 87' lang='lat' dir='ltr'><strong>con</strong></span> <span class='ocrx_word' id='word_1_312' title='bbox 739 4414 822 4463; x_wconf 89' lang='lat' dir='ltr'><strong>un</strong></span> <span class='ocrx_word' id='word_1_313' title='bbox 869 4402 977 4469; x_wconf 85' lang='lat' dir='ltr'><strong>ant</strong></span> 
     </span>
    </p>
   </div>
   <div class='ocr_carea' id='block_1_4' title="bbox 3204 1610 3212 2149">
    <p class='ocr_par' dir='ltr' id='par_1_6' title="bbox 3204 1610 3212 2149">
     <span class='ocr_line' id='line_1_40' title="bbox 3204 1610 3212 2149; baseline 0 0"><span class='ocrx_word' id='word_1_314' title='bbox 3204 1610 3212 2149; x_wconf 95' lang='lat' dir='ltr'><strong> </strong></span> 
     </span>
    </p>
   </div>
  </div>
 </body>
</html>
