3225 5259
1491 332 1617 399 105

911 1082 1604 1247 'vna-juonimlrivi
1650 1081 2129 1248 Pannonii,
2481 1097 2489 1106 ’

611 1484 946 1577 Οοςὶιαυῑί,
981 1484 1132 1554 mihi
1179 1504 1659 1577 saepenumeno,
1700 1480 1867 1580 quid
1902 1490 2098 1564 mete
2141 1504 2224 1566 eu
2252 1504 2383 1575 quo
2411 1481 2685 1570 manime

423 1591 718 1682 organica
763 1592 1016 1682 linguae
1063 1599 1288 1659 natura
1335 1599 1691 1683 appareret,
1736 1590 1833 1659 vel
1880 1586 2053 1684 quod
2099 1589 2439 1683 praecipue
2484 1611 2568 1658 ex
2608 1611 2687 1658 eo

424 1708 820 1791 sequeretur,
867 1695 1038 1790 quod
1084 1696 1366 1785 linguam
1409 1689 1706 1784 organico
1752 1694 2023 1788 quodam
2063 1694 2251 1763 modo
2282 1693 2361 1765 ab
2392 1694 2687 1785 organica

426 1802 724 1898 loquendi
770 1803 1066 1873 facultate
1114 1810 1394 1871 creatam
1440 1808 1900 1883 statueremus,
1948 1799 2117 1871 inter
2160 1800 2281 1869 alia
2326 1799 2390 1868 id
2436 1823 2689 1894 semper

427 1909 676 1980 maximi
735 1908 1066 1979 videbatur
1111 1906 1192 1979 ad
1235 1906 1552 2002 propriam
1595 1907 1849 1997 linguae
1896 1906 2157 1999 alicujus
2200 1916 2491 1977 naturam
2533 1929 2689 2000 per-

427 2017 811 2109 spiciendam
855 2014 1196 2097 momenti,
1253 2013 1460 2108 quod,
1519 2012 1695 2084 sicuti
1744 2012 1805 2082 in
1854 2013 2024 2082 omni
2072 2012 2433 2103 organismo
2479 2021 2689 2106 partes

431 2130 499 2191 et
539 2130 744 2192 totum
789 2121 958 2191 inter
1002 2142 1072 2190 se
1119 2130 1355 2203 creant,
1401 2120 1487 2190 ita
1533 2128 1608 2189 ut
1652 2128 1856 2189 totum
1902 2129 2079 2189 creet
2122 2127 2334 2212 partes
2382 2127 2449 2187 et
2476 2128 2690 2211 partes

429 2239 652 2297 creent
694 2237 936 2311 totum,
994 2225 1108 2296 sed
1153 2247 1473 2319 nunquam
1531 2248 1617 2295 ex
1660 2248 1785 2293 una
1830 2232 2009 2317 parte
2056 2224 2365 2295 formetur
2412 2224 2561 2306 alia;
2618 2248 2692 2297 ac

430 2331 965 2427 quemadmodum
1011 2353 1263 2425 semper
1305 2352 1410 2399 res
1455 2330 1748 2421 organica
1792 2331 1856 2399 in
1898 2329 2240 2401 contrarias
2269 2340 2481 2424 partes
2512 2355 2691 2403 cres—

300 2474 318 2489 *
431 2438 538 2523 eit,
585 2437 836 2531 duaque
883 2458 1122 2525 organa
1179 2436 1344 2505 inter
1399 2458 1470 2505 se
1527 2437 1832 2505 contraria
1890 2436 2075 2505 simul
2124 2434 2479 2531 eodemque
2524 2447 2691 2509 tem·

433 2566 588 2639 pore
633 2565 886 2637 semper
933 2551 1303 2624 nascuntur,
1361 2541 1448 2611 ita
1494 2551 1600 2622 ut,
1658 2543 1707 2611 si
1768 2541 1923 2635 quid
1980 2564 2261 2632 organon
2320 2542 2691 2631 inveniatur,

432 2649 602 2745 quod
646 2650 896 2719 illorum
941 2648 1364 2733 functionibus
1411 2646 1663 2720 duobus
1719 2650 1921 2718 solum
1966 2649 2301 2739 fungatur,
2342 2648 2427 2718 jd
2484 2672 2693 2744 neque

432 2780 632 2826 unum
676 2778 886 2850 neque
934 2755 1203 2824 alterum
1250 2755 1348 2837 sit,
1393 2754 1564 2849 quod
1609 2778 1763 2825 suae
1810 2763 1880 2825 et
1924 2754 2177 2825 alterius
2224 2776 2455 2824 munus
2502 2757 2693 2825 susti-

433 2872 600 2947 neat,
647 2860 767 2933 sed
815 2882 1068 2953 prorsus
1113 2859 1280 2928 aliud
1327 2861 1407 2930 sit
1451 2882 1768 2953 organon,
1826 2860 1997 2955 quod
2041 2856 2297 2954 prorsus
2356 2860 2503 2930 alias
2550 2873 2699 2953 agat

432 2978 666 3063 parteS,
709 2967 771 3035 in
818 2965 1044 3059 quihus
1085 2965 1331 3035 illorum
1375 2990 1640 3038 munera
1686 2968 1946 3037 confusa
1992 2988 2067 3037 ac
2110 2990 2235 3035 non
2280 2967 2567 3038 distincta
2591 2970 2695 3061 ja·—

434 3082 648 3145 ceant:
693 3070 884 3167 quod,
915 3071 1190 3165 inquam,
1227 3073 1452 3143 eodem
1489 3073 1677 3143 modo
1710 3074 1775 3143 in
1812 3072 2023 3163 lingua
2058 3074 2248 3143 etiam
2284 3096 2537 3168 semper
2560 3076 2695 3145 sor—

431 3202 574 3250 mae
603 3188 848 3249 tantum
870 3178 1034 3248 inter
1057 3202 1127 3248 se
1151 3181 1502 3250 contrariae
1527 3180 1853 3272 finguntur
1876 3202 1949 3248 ac
1972 3178 2493 3270 significationem
2518 3204 2694 3253 suam

433 3286 815 3381 peculiarem
863 3308 943 3354 eo
987 3294 1232 3354 tantum
1280 3286 1534 3368 habent,
1581 3285 1751 3381 quod
1797 3308 1974 3355 suam
2004 3308 2295 3380 quaeque
2328 3288 2505 3358 alteri
2538 3312 2697 3359 con-

433 3392 686 3464 trariam
732 3391 925 3462 habet
967 3390 1503 3482 significationem,
1549 3416 1749 3487 quare
1778 3394 1957 3462 simul
1989 3400 2233 3462 tantum
2268 3416 2409 3463 esse
2438 3404 2701 3488 possunt

437 3520 648 3594 neque
691 3493 817 3567 una
863 3506 1010 3567 ante
1057 3498 1318 3568 alteram
1362 3522 1570 3593 neque
1618 3510 1766 3592 post
1808 3498 2103 3581 alteram,
2162 3521 2373 3594 neque
2433 3524 2515 3570 ex
2572 3524 2700 3571 una

437 3605 638 3675 altera
683 3604 834 3694 fingi
880 3613 1112 3697 potest.
1205 3604 1400 3687 Quod
1445 3604 1524 3674 ab
1569 3605 1642 3674 iis
1688 3605 1795 3699 qui
1854 3606 1919 3674 in
1976 3604 2205 3696 linguis
2259 3628 2519 3699 operam
2576 3630 2700 3700 po-

439 3721 600 3781 nunt
643 3708 922 3779 nondum
969 3711 1117 3781 satis
1157 3709 1409 3780 videtur
1449 3711 1647 3780 menti
1694 3710 2057 3781 mandatum
2104 3734 2179 3782 ac
2220 3712 2382 3781 miro
2427 3711 2621 3782 modo
2664 3736 2702 3783 a

440 3817 733 3886 Becker-o
779 3814 918 3885 libri
963 3817 1295 3909 praeclari:
1351 3817 1705 3907 Orqanism
1746 3819 1859 3886 der
1905 3818 2185 3910 Sprache
2239 3828 2503 3889 auctore
2560 3842 2703 3888 ma-

441 3923 610 3992 xime
657 3920 1039 4005 venerando,
1085 3922 1365 4016 quamvis
1407 3924 1602 3991 multa
1648 3922 1729 3991 ab
1776 3944 1859 3991 eo
1902 3924 2137 4016 optime
2184 3924 2265 3993 de
2296 3926 2511 3994 formis
2542 3948 2703 3995 eon-—

443 4028 648 4098 trariis
691 4025 854 4098 dicta
901 4040 1078 4109 sunt,
1141 4029 1400 4097 nimium
1462 4030 1839 4120 neglectum.
1935 4027 2182 4112 Quodsi
2237 4031 2301 4099 in
2354 4034 2705 4123 praemissa

445 4134 526 4201 de
585 4134 956 4225 pronomine
1017 4134 1278 4205 relativo
1341 4134 1783 4205 dissertatione
1841 4135 1905 4204 id
1962 4136 2239 4209 maxime
2300 4137 2575 4227 egimus,
2632 4146 2707 4206 ut

443 4237 972 4332 quemadmodum
1023 4264 1144 4311 una
1193 4242 1502 4333 generalis
1547 4251 1813 4311 naturae
1869 4242 1989 4312 vita
2038 4265 2117 4311 eo
2164 4242 2463 4315 evaderet
2508 4262 2705 4333 orga-

447 4345 620 4425 nica,
678 4346 849 4439 quod
897 4346 1154 4437 singulis
1199 4348 1392 4417 rebus
1443 4348 1721 4417 maxime
1774 4346 1937 4417 inter
1984 4370 2054 4417 se
2101 4346 2355 4419 diversis
2406 4348 2707 4439 organice

447 4452 798 4523 constitutis
844 4463 1180 4546 appareret
1222 4454 1282 4523 in
1330 4464 1869 4549 conspectumque
1916 4454 2175 4525 caderet
2218 4455 2318 4542 (Β.
2354 4478 2415 4550 p.
2450 4458 2578 4543 9.),
2624 4455 2709 4525 ita
