3225 5259
1706 336 1790 403 18

622 531 1100 624 conjungantur.
1168 531 1311 602 Non
1344 527 1540 605 modo,
1565 529 1711 624 quid
1744 530 2063 620 cognitum
2094 530 2205 598 sed
2237 529 2431 623 ipsam
2464 528 2881 621 cognoscendi

621 638 932 733 actionem
979 659 1120 708 esse
1171 635 1665 730 exprimendam,
1710 629 1879 728 quod
1924 635 2035 705 fiat
2080 635 2327 727 copula.

536 741 542 746 ’
797 733 870 813 In
917 766 1044 838 quo
1090 741 1206 812 hos
1252 742 1412 812 viros
1457 742 1529 811 cl.
1577 763 1636 809 a.
1668 740 1728 810 d.
1778 740 1954 834 sequi
1998 763 2125 811 non
2168 763 2523 834 possumus,
2570 741 2875 835 siquidem

620 848 1098 918 Humboldtium
1143 858 1320 918 recte
1349 847 1791 918 intelleximus.
1851 849 2016 916 Nam
2046 847 2312 941 primum
2342 845 2620 942 quidem,
2662 856 2736 915 ut
2765 870 2879 916 su-

620 978 732 1049 pta
767 956 898 1048 Jam
945 955 1233 1035 diximus,
1279 954 1584 1047 synthesis
1632 953 1767 1034 illa,
1824 975 2017 1047 quum
2066 953 2164 1022 vix
2210 953 2507 1047 temporis
2552 965 2887 1024 momento

620 1083 695 1133 ac
739 1084 820 1131 ne
865 1062 966 1130 vix
1009 1060 1262 1155 quidem
1311 1070 1568 1150 agatur,
1625 1081 1779 1128 voce
1826 1057 2137 1150 designari
2185 1069 2396 1153 potest
2452 1059 2739 1141 minime,
2800 1083 2876 1129 ac

621 1170 669 1238 si
713 1167 850 1261 quis
898 1168 1164 1261 populus
1209 1166 1338 1235 tale
1386 1166 1633 1256 signum
1678 1164 1957 1236 invenire
2006 1175 2302 1246 conetur,
2364 1164 2495 1256 jam
2542 1189 2683 1236 sese
2726 1189 2877 1236 vera
2920 1153 2949 1178 ’

619 1272 776 1342 illius
821 1273 1076 1342 actionis
1121 1270 1176 1340 vi
1222 1295 1295 1341 ac
1339 1280 1651 1365 potestate
1698 1293 1821 1339 non
1869 1269 2149 1363 gaudere
2194 1270 2456 1358 indicetff,
2516 1295 2711 1366 quum
2759 1295 2878 1342 na-

620 1391 826 1450 turam
887 1378 1020 1470 eJ‘us
1079 1378 1264 1469 plane
1334 1401 1456 1446 non
1515 1376 1777 1446 noverit.
1849 1377 1964 1461 (cf.
2027 1399 2190 1470 quae
2256 1399 2441 1470 supra
2502 1378 2765 1448 diximus
2813 1389 2879 1449 et

620 1485 858 1556 Humb.
893 1485 1231 1568 CCLXV).
1298 1482 1546 1552 Deinde
1592 1493 1807 1552 autem
1852 1481 1915 1550 id
1962 1493 2059 1551 est
2104 1480 2247 1551 huic
2292 1484 2564 1576 synthesi
2611 1485 2707 1554 vel
2758 1507 2875 1554 co-

619 1589 914 1684 pulationi
959 1593 1299 1682 proprium,
1343 1587 1515 1682 quod
1563 1586 2008 1678 cogitationem
2056 1609 2177 1655 non
2226 1599 2298 1656 ut
2344 1602 2621 1660 nostram
2666 1613 2877 1659 enun-

583 1695 746 1772 ,ciet
808 1694 1184 1765 sententiam
1239 1693 1337 1764 vel
1394 1703 1649 1763 nostrae
1704 1694 1926 1763 mentis
1974 1693 2308 1785 judicium,
2366 1695 2477 1765 sed
2538 1698 2747 1790 potius
2806 1707 2877 1766 ut
2964 1742 2971 1748 -

619 1802 846 1897 aliquid
892 1824 1040 1870 vere
1085 1801 1322 1871 factum
1370 1808 1436 1869 et
1479 1809 1629 1868 ante
1660 1800 1875 1869 oculos
1908 1808 2155 1868 nostros
2186 1823 2463 1886 versans,
2511 1802 2677 1896 quod
2709 1803 2877 1872 idem

619 1906 810 1978 modo
845 1907 976 1999 jam
1023 1906 1310 1975 diximus.

797 2011 924 2084 Sed
969 1998 1253 2107 quaestio
1298 2010 1488 2081 facilis
1535 2009 1801 2090 videtur,
1859 2033 2053 2102 quum
2097 2011 2247 2079 illud
2297 2011 2460 2106 quod
2506 2010 2671 2081 inter
2714 2036 2873 2106 pro-

619 2117 866 2188 nomina
913 2118 1258 2212 personalia
1307 2126 1372 2186 et
1419 2138 1831 2209 personarum
1876 2117 2051 2208 signa
2100 2117 2357 2186 fecimus
2404 2115 2731 2188 discrimen
2764 2129 2874 2188 te-

619 2247 900 2308 neamus.
977 2225 1207 2293 Dicere
1255 2245 1617 2316 possumus:
1665 2246 1775 2312 eqo
1808 2245 1955 2290 amo
2004 2234 2071 2292 et
2115 2219 2245 2310 (τὸ)
2294 2247 2405 2313 eqo
2440 2237 2632 2292 amat.
2711 2225 2873 2294 Nam

619 2355 748 2401 non
795 2330 1102 2425 loquimur
1149 2352 1317 2410 amo,
1367 2339 1435 2398 ut
1484 2338 1791 2419 congruat
1822 2351 1965 2398 cum
2010 2353 2142 2420 eqo,
2190 2327 2303 2397 sed
2333 2339 2405 2398 ut
2433 2329 2681 2397 amandi
2710 2331 2871 2400 actio

619 2438 698 2508 ad
745 2439 1108 2532 loquentem
1154 2457 1484 2528 personam
1538 2434 1867 2503 reseratur.
1961 2436 2033 2503 In
2098 2457 2251 2504 voce
2312 2459 2455 2504 amo
2516 2434 2872 2528 subjectum

621 2568 743 2615 non
793 2554 891 2615 est
937 2563 1324 2636 expressum,
1372 2552 1443 2611 ut
1487 2541 1547 2608 in
1593 2540 1959 2634 imperativo
2008 2540 2195 2609 etiam
2244 2563 2411 2610 ama.
2483 2543 2702 2625 Quum
2748 2565 2871 2611 au-

619 2663 750 2722 tem
797 2651 1125 2744 loquamur
1171 2673 1284 2740 eqo
1333 2648 1602 2738 (Cicero)
1652 2671 1835 2726 amo,
1896 2669 2008 2736 eqo
2070 2658 2139 2715 ut
2184 2646 2537 2737 subjectum
2586 2659 2888 2740 urgetur..

621 2753 751 2828 Sed
796 2756 843 2825 si
891 2777 1004 2824 nos
1051 2753 1312 2822 dicimus
1358 2754 1458 2822 ich
1490 2755 1661 2832 liebc,
1710 2753 1753 2820 1
1780 2753 1945 2830 love,
1990 2752 2111 2821 hoc
2146 2752 2236 2832 fit,
2284 2752 2426 2846 quia
2472 2775 2695 2823 revera
2740 2777 2866 2824 no-

619 2872 748 2932 stra
795 2860 1157 2954 pronomina
1204 2859 1555 2954 personalia
1600 2858 1681 2925 ad
1728 2858 2056 2938 elementa·
2102 2858 2376 2926 formalia
2434 2868 2581 2926 sunt
2642 2858 2866 2929 debili—

621 2979 773 3047 tata,
819 2977 892 3036 ut
934 2967 1250 3036 mutilatus
1299 2987 1515 3034 vocum
1565 2965 1769 3033 exitus
1816 2975 1927 3032 aut
1970 2964 2155 3056 plane
2188 2965 2523 3056 suppleant
2552 2977 2663 3034 aut
2692 2976 2867 3036 certe
2942 3029 2947 3034 .

617 3073 1008 3144 confirment.
1102 3073 1320 3156 Quum
1364 3094 1513 3139 vero
1559 3080 1825 3139 accentu
1885 3092 1960 3137 ea
2020 3091 2171 3162 prae
2230 3070 2457 3139 ceteris
2515 3073 2866 3141 sententiae

621 3179 889 3249 articulis
948 3201 1321 3270 urgeamus,
1377 3175 1537 3244 fiunt
1591 3174 1871 3267 subjecta
1931 3198 2005 3244 ac
2063 3199 2248 3246 voces
2310 3176 2679 3246 materiales.
2770 3179 2867 3245 Ac

618 3286 900 3380 prolecto
947 3285 1289 3376 copulativa
1335 3281 1505 3351 verbi
1550 3282 1657 3362 νίς,
1704 3303 1891 3375 quam
1938 3305 2082 3352 vera
2128 3280 2316 3350 flexio
2365 3281 2617 3375 quidem
2662 3306 2865 3376 eaque

619 3394 783 3474 sola,
838 3391 1114 3485 quamvis
1158 3389 1352 3482 ipsam
1408 3387 1737 3479 copulandi
1782 3387 2093 3458 actionem·
2146 3410 2269 3455 non
2321 3385 2639 3477 designet,
2697 3388 2863 3456 bene

617 3497 1042 3591 consequitur,
1090 3496 1146 3563 in
1197 3518 1274 3564 eo
1320 3492 1515 3586 posita
1549 3505 1666 3575 est,
1713 3492 1879 3587 quod
1911 3516 2324 3587 personarum
2352 3492 2695 3563 relationes
2724 3495 2867 3564 ido-

618 3627 742 3674 neo
785 3603 976 3673 modo
1024 3601 1456 3694 exprimuntur
1501 3623 1626 3669 non
1671 3599 1963 3692 appositis
2008 3599 2499 3692 pronominibus,
2543 3623 2708 3693 quae
2753 3624 2867 3669 re·-

617 3731 763 3780 vera
809 3709 978 3802 ipsae
1027 3713 1260 3797 egeant
1291 3707 1707 3799 copulatione,
1737 3705 1849 3774 sed
1880 3705 2119 3775 suffixis
2152 3706 2609 3794 categoriarum
2641 3729 2867 3799 perso-

614 3816 848 3885 natium
893 3813 1099 3904 signis.
1194 3813 1382 3895 Quae
1427 3813 1602 3903 signa
1651 3813 2053 3902 grammatica
2116 3836 2240 3880 uon
2296 3812 2497 3903 magis
2554 3836 2696 3882 cum
2755 3836 2865 3882 ra·-

613 3921 752 3990 dice
799 3921 1476 4013 copulentur-necesse
1525 3929 1643 3998 est,
1688 3939 1877 4012 quam
1920 3919 1961 3987 ii
2006 3919 2110 4013 qui
2158 3917 2405 3988 nomina
2452 3919 2727 3989 formant
2754 3931 2866 3988 aut

614 4049 796 4098 casus
863 4025 1164 4095 denotant
1231 4025 1457 4094 exituS.
1549 4024 1885 4108 Quomodo
1956 4035 2173 4094 autem
2230 4021 2655 4118 praedicatum
2719 4049 2862 4095 cum

613 4134 898 4226 subjecto
945 4131 1236 4224 conjungi
1283 4141 1490 4225 potest
1533 4131 1765 4200 arctius
1811 4153 1885 4200 ac
1930 4130 2243 4230 fervidiuS,
2290 4154 2477 4225 quam
2522 4155 2717 4226 quum
2760 4133 2861 4224 ip·-

611 4263 751 4309 sum
795 4241 1171 4310 instruamus
1217 4237 1477 4308 verbum
1523 4236 1731 4327 signo,
1788 4259 1913 4331 quo
1971 4235 2051 4306 ad
2106 4260 2474 4330 personam,
2531 4238 2609 4306 ad
2670 4261 2863 4331 quam

613 4347 957 4440 pertineat,
1012 4345 1368 4414 referatur?
1429 4342 1602 4427 Quid
1648 4343 2059 4424 desideratur,
2104 4365 2299 4436 quum
2347 4344 2613 4437 exempli
2659 4345 2859 4434 gratia

611 4455 747 4522 sola
778 4454 953 4523 litera
988 4467 1048 4535 t‚.
1077 4450 1293 4520 intime
1326 4471 1470 4518 cum
1497 4449 1709 4519 radice
1742 4448 2090 4540 conjuncta,
2140 4472 2263 4518 uno
2295 4457 2557 4520 accentu
2590 4449 2857 4520 eodem—
