<?xml version="1.0" encoding="UTF-8"?>
<!DOCTYPE html PUBLIC "-//W3C//DTD XHTML 1.0 Transitional//EN"
    "http://www.w3.org/TR/xhtml1/DTD/xhtml1-transitional.dtd">
<html xmlns="http://www.w3.org/1999/xhtml" xml:lang="en" lang="en">
 <head>
  <title>
</title>
<meta http-equiv="Content-Type" content="text/html;charset=utf-8" />
  <meta name='ocr-system' content='tesseract 3.04.00' />
  <meta name='ocr-capabilities' content='ocr_page ocr_carea ocr_par ocr_line ocrx_word'/>
</head>
<body>
  <div class='ocr_page' id='page_1' title='image "./depronominerela00steigoog_0029.png"; bbox 0 0 3225 5259; ppageno 0'>
   <div class='ocr_carea' id='block_1_1' title="bbox 245 0 1614 119">
    <p class='ocr_par' dir='ltr' id='par_1_1' title="bbox 245 0 1614 119">
     <span class='ocr_line' id='line_1_1' title="bbox 245 0 1614 119; baseline -0.036 -37"><span class='ocrx_word' id='word_1_1' title='bbox 245 2 460 119; x_wconf 56' lang='lat' dir='ltr'><strong>‘ffrh&#39;y</strong></span> <span class='ocrx_word' id='word_1_2' title='bbox 493 1 629 65; x_wconf 63' lang='lat' dir='ltr'><strong>Acen,</strong></span> <span class='ocrx_word' id='word_1_3' title='bbox 663 18 780 67; x_wconf 77' lang='lat'><strong>1055</strong></span> <span class='ocrx_word' id='word_1_4' title='bbox 827 0 1016 73; x_wconf 55' lang='lat'><strong>⁴502).</strong></span> <span class='ocrx_word' id='word_1_5' title='bbox 1054 2 1176 109; x_wconf 50' lang='grc' dir='ltr'><strong>ψῃ</strong></span> <span class='ocrx_word' id='word_1_6' title='bbox 1207 0 1294 92; x_wconf 45' lang='lat' dir='ltr'><em>ss</em></span> <span class='ocrx_word' id='word_1_7' title='bbox 1339 9 1614 83; x_wconf 42' lang='lat' dir='ltr'><strong>mmm-,0</strong></span> 
     </span>
    </p>
   </div>
   <div class='ocr_carea' id='block_1_2' title="bbox 1487 300 1572 367">
    <p class='ocr_par' dir='ltr' id='par_1_2' title="bbox 1487 300 1572 367">
     <span class='ocr_line' id='line_1_2' title="bbox 1487 300 1572 367; baseline -0.024 1"><span class='ocrx_word' id='word_1_8' title='bbox 1487 300 1572 367; x_wconf 86' lang='lat'><strong>25</strong></span> 
     </span>
    </p>
   </div>
   <div class='ocr_carea' id='block_1_3' title="bbox 363 494 2705 4515">
    <p class='ocr_par' dir='ltr' id='par_1_3' title="bbox 397 494 2705 3877">
     <span class='ocr_line' id='line_1_3' title="bbox 579 494 2651 591; baseline 0 -24"><span class='ocrx_word' id='word_1_9' title='bbox 579 496 1030 567; x_wconf 80' lang='lat' dir='ltr'><strong>Obliviscamnr</strong></span> <span class='ocrx_word' id='word_1_10' title='bbox 1073 506 1286 566; x_wconf 84' lang='lat' dir='ltr'><strong>autem</strong></span> <span class='ocrx_word' id='word_1_11' title='bbox 1331 494 1781 589; x_wconf 81' lang='lat' dir='ltr'><strong>aliquantulum</strong></span> <span class='ocrx_word' id='word_1_12' title='bbox 1828 504 2083 566; x_wconf 86' lang='lat' dir='ltr'><strong>nostrae</strong></span> <span class='ocrx_word' id='word_1_13' title='bbox 2126 496 2419 591; x_wconf 87' lang='lat' dir='ltr'><strong>loquendi</strong></span> <span class='ocrx_word' id='word_1_14' title='bbox 2450 500 2651 568; x_wconf 87' lang='lat' dir='ltr'><strong>ratio-</strong></span> 
     </span>
     <span class='ocr_line' id='line_1_4' title="bbox 404 601 2653 722; baseline 0 -49"><span class='ocrx_word' id='word_1_15' title='bbox 404 604 530 685; x_wconf 89' lang='lat' dir='ltr'><strong>nis,</strong></span> <span class='ocrx_word' id='word_1_16' title='bbox 577 613 1058 697; x_wconf 88' lang='lat' dir='ltr'><strong>nostrarumque</strong></span> <span class='ocrx_word' id='word_1_17' title='bbox 1113 601 1444 671; x_wconf 80' lang='lat' dir='ltr'><strong>verborum</strong></span> <span class='ocrx_word' id='word_1_18' title='bbox 1504 601 1875 681; x_wconf 80' lang='lat' dir='ltr'><strong>formarum,</strong></span> <span class='ocrx_word' id='word_1_19' title='bbox 1934 612 2125 722; x_wconf 86' lang='lat' dir='ltr'><strong>atque</strong></span> <span class='ocrx_word' id='word_1_20' title='bbox 2184 603 2653 675; x_wconf 80' lang='lat' dir='ltr'><strong>consideremus</strong></span> 
     </span>
     <span class='ocr_line' id='line_1_5' title="bbox 403 704 2653 804; baseline 0.001 -26"><span class='ocrx_word' id='word_1_21' title='bbox 403 709 674 804; x_wconf 77' lang='lat' dir='ltr'>aliquam</span> <span class='ocrx_word' id='word_1_22' title='bbox 724 709 1226 779; x_wconf 75' lang='lat' dir='ltr'><strong>enunciationem</strong></span> <span class='ocrx_word' id='word_1_23' title='bbox 1274 708 1579 777; x_wconf 88' lang='lat' dir='ltr'><strong>Sinicam:</strong></span> <span class='ocrx_word' id='word_1_24' title='bbox 1613 704 1877 798; x_wconf 70' lang='lat' dir='ltr'><strong>‘cinq</strong></span> <span class='ocrx_word' id='word_1_25' title='bbox 1831 713 1882 777; x_wconf 70' lang='lat' dir='ltr'><strong>ti</strong></span> <span class='ocrx_word' id='word_1_26' title='bbox 1908 732 2033 800; x_wconf 69' lang='lat' dir='ltr'><strong>jue</strong></span> <span class='ocrx_word' id='word_1_27' title='bbox 2062 711 2127 795; x_wconf 86' lang='lat'><strong>(1</strong></span> <span class='ocrx_word' id='word_1_28' title='bbox 2155 707 2219 789; x_wconf 90' lang='lat' dir='ltr'><strong>b,</strong></span> <span class='ocrx_word' id='word_1_29' title='bbox 2250 733 2305 791; x_wconf 92' lang='lat' dir='ltr'><strong>c,</strong></span> <span class='ocrx_word' id='word_1_30' title='bbox 2337 709 2409 796; x_wconf 84' lang='lat' dir='ltr'><strong>d)</strong></span> <span class='ocrx_word' id='word_1_31' title='bbox 2453 733 2653 781; x_wconf 85' lang='lat' dir='ltr'><strong>vene-</strong></span> 
     </span>
     <span class='ocr_line' id='line_1_6' title="bbox 405 812 2654 909; baseline 0.002 -27"><span class='ocrx_word' id='word_1_32' title='bbox 405 814 610 885; x_wconf 85' lang='lat' dir='ltr'><strong>rabilis</strong></span> <span class='ocrx_word' id='word_1_33' title='bbox 657 815 1001 908; x_wconf 88' lang='lat' dir='ltr'><strong>imperator</strong></span> <span class='ocrx_word' id='word_1_34' title='bbox 1047 812 1221 884; x_wconf 86' lang='lat' dir='ltr'><strong>dixit.</strong></span> <span class='ocrx_word' id='word_1_35' title='bbox 1314 814 1542 898; x_wconf 86' lang='lat' dir='ltr'><strong>Quod,</strong></span> <span class='ocrx_word' id='word_1_36' title='bbox 1601 814 1847 883; x_wconf 85' lang='lat' dir='ltr'><strong>etiamsi</strong></span> <span class='ocrx_word' id='word_1_37' title='bbox 1902 812 2092 883; x_wconf 88' lang='lat' dir='ltr'><strong>verba</strong></span> <span class='ocrx_word' id='word_1_38' title='bbox 2150 837 2276 883; x_wconf 86' lang='lat' dir='ltr'><strong>non</strong></span> <span class='ocrx_word' id='word_1_39' title='bbox 2322 824 2453 885; x_wconf 86' lang='lat' dir='ltr'><strong>tam</strong></span> <span class='ocrx_word' id='word_1_40' title='bbox 2496 838 2654 909; x_wconf 89' lang='lat' dir='ltr'><strong>pre-</strong></span> 
     </span>
     <span class='ocr_line' id='line_1_7' title="bbox 407 919 2654 1014; baseline 0.001 -25"><span class='ocrx_word' id='word_1_41' title='bbox 407 920 649 1002; x_wconf 86' lang='lat' dir='ltr'><strong>mimus,</strong></span> <span class='ocrx_word' id='word_1_42' title='bbox 695 921 856 993; x_wconf 88' lang='lat' dir='ltr'><strong>sicut</strong></span> <span class='ocrx_word' id='word_1_43' title='bbox 899 944 1088 1014; x_wconf 86' lang='lat' dir='ltr'><strong>supra</strong></span> <span class='ocrx_word' id='word_1_44' title='bbox 1133 921 1416 1001; x_wconf 75' lang='lat' dir='ltr'><strong>fecimuS,</strong></span> <span class='ocrx_word' id='word_1_45' title='bbox 1463 931 1535 990; x_wconf 89' lang='lat' dir='ltr'><strong>ut</strong></span> <span class='ocrx_word' id='word_1_46' title='bbox 1576 921 1777 989; x_wconf 89' lang='lat' dir='ltr'><strong>omnis</strong></span> <span class='ocrx_word' id='word_1_47' title='bbox 1822 943 1949 988; x_wconf 85' lang='lat' dir='ltr'><strong>vox</strong></span> <span class='ocrx_word' id='word_1_48' title='bbox 1992 919 2075 989; x_wconf 85' lang='lat' dir='ltr'><strong>sit</strong></span> <span class='ocrx_word' id='word_1_49' title='bbox 2118 922 2452 1003; x_wconf 89' lang='lat' dir='ltr'><strong>sententia,</strong></span> <span class='ocrx_word' id='word_1_50' title='bbox 2498 922 2654 993; x_wconf 84' lang='lat' dir='ltr'><strong>duas</strong></span> 
     </span>
     <span class='ocr_line' id='line_1_8' title="bbox 405 1026 2655 1118; baseline 0.001 -22"><span class='ocrx_word' id='word_1_51' title='bbox 405 1027 732 1096; x_wconf 87' lang='lat' dir='ltr'><strong>continere</strong></span> <span class='ocrx_word' id='word_1_52' title='bbox 792 1026 1272 1098; x_wconf 85' lang='lat' dir='ltr'><strong>existimandum</strong></span> <span class='ocrx_word' id='word_1_53' title='bbox 1333 1037 1431 1097; x_wconf 87' lang='lat' dir='ltr'><strong>est</strong></span> <span class='ocrx_word' id='word_1_54' title='bbox 1485 1028 1861 1107; x_wconf 76' lang='lat' dir='ltr'><strong>sententiaa,</strong></span> <span class='ocrx_word' id='word_1_55' title='bbox 1920 1049 2045 1097; x_wconf 89' lang='lat' dir='ltr'><strong>non</strong></span> <span class='ocrx_word' id='word_1_56' title='bbox 2104 1026 2293 1096; x_wconf 88' lang='lat' dir='ltr'><strong>modo</strong></span> <span class='ocrx_word' id='word_1_57' title='bbox 2354 1027 2655 1118; x_wconf 83' lang='lat' dir='ltr'><strong>cogitatas</strong></span> 
     </span>
     <span class='ocr_line' id='line_1_9' title="bbox 407 1132 2657 1227; baseline 0.001 -25"><span class='ocrx_word' id='word_1_58' title='bbox 407 1132 518 1202; x_wconf 87' lang='lat' dir='ltr'><strong>sed</strong></span> <span class='ocrx_word' id='word_1_59' title='bbox 565 1134 854 1226; x_wconf 78' lang='lat' dir='ltr'><strong>prolatas,</strong></span> <span class='ocrx_word' id='word_1_60' title='bbox 945 1136 1105 1204; x_wconf 91' lang='lat' dir='ltr'><strong>Nam</strong></span> <span class='ocrx_word' id='word_1_61' title='bbox 1163 1134 1415 1227; x_wconf 81' lang='lat' dir='ltr'><strong>proprie</strong></span> <span class='ocrx_word' id='word_1_62' title='bbox 1475 1143 1572 1205; x_wconf 89' lang='lat' dir='ltr'><strong>est</strong></span> <span class='ocrx_word' id='word_1_63' title='bbox 1630 1132 2033 1203; x_wconf 85' lang='lat' dir='ltr'><strong>vertendum.</strong></span> <span class='ocrx_word' id='word_1_64' title='bbox 2090 1133 2457 1205; x_wconf 84' lang='lat' dir='ltr'><strong>venerabilis</strong></span> <span class='ocrx_word' id='word_1_65' title='bbox 2501 1138 2657 1222; x_wconf 87' lang='lat' dir='ltr'><strong>(est)</strong></span> 
     </span>
     <span class='ocr_line' id='line_1_10' title="bbox 406 1236 2657 1333; baseline 0.002 -26"><span class='ocrx_word' id='word_1_66' title='bbox 406 1239 747 1331; x_wconf 83' lang='lat' dir='ltr'><strong>imperator</strong></span> <span class='ocrx_word' id='word_1_67' title='bbox 791 1246 914 1327; x_wconf 85' lang='lat' dir='ltr'><strong>(et)</strong></span> <span class='ocrx_word' id='word_1_68' title='bbox 961 1240 1134 1311; x_wconf 84' lang='lat' dir='ltr'><strong>dixit.</strong></span> <span class='ocrx_word' id='word_1_69' title='bbox 1201 1241 1302 1309; x_wconf 89' lang='lat' dir='ltr'><strong>Eo</strong></span> <span class='ocrx_word' id='word_1_70' title='bbox 1349 1248 1582 1321; x_wconf 90' lang='lat' dir='ltr'><strong>autem,</strong></span> <span class='ocrx_word' id='word_1_71' title='bbox 1630 1239 1796 1333; x_wconf 91' lang='lat' dir='ltr'><strong>quod</strong></span> <span class='ocrx_word' id='word_1_72' title='bbox 1843 1263 1966 1309; x_wconf 86' lang='lat' dir='ltr'><strong>vox</strong></span> <span class='ocrx_word' id='word_1_73' title='bbox 2004 1236 2172 1329; x_wconf 70' lang='lat' dir='ltr'><strong>‘cinq</strong></span> <span class='ocrx_word' id='word_1_74' title='bbox 2198 1242 2514 1325; x_wconf 66' lang='grc' dir='ltr'><strong>υεηοναή,</strong></span> <span class='ocrx_word' id='word_1_75' title='bbox 2555 1266 2657 1312; x_wconf 72' lang='lat' dir='ltr'><strong>ve-</strong></span> 
     </span>
     <span class='ocr_line' id='line_1_11' title="bbox 408 1345 2657 1465; baseline 0.001 -51"><span class='ocrx_word' id='word_1_76' title='bbox 408 1347 728 1420; x_wconf 78' lang='lat' dir='ltr'><strong>nerabilis,</strong></span> <span class='ocrx_word' id='word_1_77' title='bbox 771 1348 1186 1417; x_wconf 78' lang='lat' dir='ltr'><strong>venerabilem</strong></span> <span class='ocrx_word' id='word_1_78' title='bbox 1229 1370 1382 1428; x_wconf 74' lang='lat' dir='ltr'><strong>esse,</strong></span> <span class='ocrx_word' id='word_1_79' title='bbox 1427 1355 1575 1415; x_wconf 88' lang='lat' dir='ltr'><strong>ante</strong></span> <span class='ocrx_word' id='word_1_80' title='bbox 1618 1345 1967 1465; x_wconf 80' lang='lat' dir='ltr'><strong>subjectum</strong></span> <span class='ocrx_word' id='word_1_81' title='bbox 2000 1346 2278 1439; x_wconf 88' lang='lat' dir='ltr'><strong>ponitur,</strong></span> <span class='ocrx_word' id='word_1_82' title='bbox 2322 1347 2657 1440; x_wconf 77' lang='lat' dir='ltr'><strong>symbolice</strong></span> 
     </span>
     <span class='ocr_line' id='line_1_12' title="bbox 409 1451 2658 1546; baseline 0.001 -27"><span class='ocrx_word' id='word_1_83' title='bbox 409 1452 802 1544; x_wconf 82' lang='lat' dir='ltr'><strong>exprimitur,</strong></span> <span class='ocrx_word' id='word_1_84' title='bbox 848 1451 1010 1521; x_wconf 87' lang='lat' dir='ltr'><strong>banc</strong></span> <span class='ocrx_word' id='word_1_85' title='bbox 1053 1474 1274 1522; x_wconf 88' lang='lat' dir='ltr'><strong>vocem</strong></span> <span class='ocrx_word' id='word_1_86' title='bbox 1322 1474 1466 1523; x_wconf 90' lang='lat' dir='ltr'><strong>cum</strong></span> <span class='ocrx_word' id='word_1_87' title='bbox 1511 1452 1799 1545; x_wconf 83' lang='lat' dir='ltr'><strong>subjecto</strong></span> <span class='ocrx_word' id='word_1_88' title='bbox 1840 1451 2013 1546; x_wconf 88' lang='lat' dir='ltr'><strong>prius</strong></span> <span class='ocrx_word' id='word_1_89' title='bbox 2060 1474 2201 1523; x_wconf 87' lang='lat' dir='ltr'><strong>esse</strong></span> <span class='ocrx_word' id='word_1_90' title='bbox 2230 1453 2658 1545; x_wconf 82' lang='lat' dir='ltr'><strong>comprehen-</strong></span> 
     </span>
     <span class='ocr_line' id='line_1_13' title="bbox 409 1557 2658 1652; baseline 0 -26"><span class='ocrx_word' id='word_1_91' title='bbox 409 1557 700 1638; x_wconf 86' lang='lat' dir='ltr'><strong>dendam,</strong></span> <span class='ocrx_word' id='word_1_92' title='bbox 744 1581 932 1650; x_wconf 87' lang='lat' dir='ltr'><strong>quam</strong></span> <span class='ocrx_word' id='word_1_93' title='bbox 981 1567 1379 1652; x_wconf 85' lang='lat' dir='ltr'><strong>sequentem.</strong></span> <span class='ocrx_word' id='word_1_94' title='bbox 1453 1558 1781 1630; x_wconf 89' lang='lat' dir='ltr'><strong>Attributo</strong></span> <span class='ocrx_word' id='word_1_95' title='bbox 1826 1582 2047 1629; x_wconf 88' lang='lat' dir='ltr'><strong>verum</strong></span> <span class='ocrx_word' id='word_1_96' title='bbox 2092 1582 2213 1628; x_wconf 91' lang='lat' dir='ltr'><strong>non</strong></span> <span class='ocrx_word' id='word_1_97' title='bbox 2260 1558 2321 1626; x_wconf 92' lang='lat' dir='ltr'><strong>id</strong></span> <span class='ocrx_word' id='word_1_98' title='bbox 2355 1559 2658 1652; x_wconf 82' lang='lat' dir='ltr'><strong>exprimi-</strong></span> 
     </span>
     <span class='ocr_line' id='line_1_14' title="bbox 411 1662 2660 1757; baseline 0 -24"><span class='ocrx_word' id='word_1_99' title='bbox 411 1673 536 1744; x_wconf 85' lang='lat' dir='ltr'><strong>tur,</strong></span> <span class='ocrx_word' id='word_1_100' title='bbox 581 1662 850 1756; x_wconf 85' lang='lat' dir='ltr'><strong>aliquam</strong></span> <span class='ocrx_word' id='word_1_101' title='bbox 896 1664 1360 1756; x_wconf 84' lang='lat' dir='ltr'><strong>cogitationem·</strong></span> <span class='ocrx_word' id='word_1_102' title='bbox 1385 1688 1530 1735; x_wconf 88' lang='lat' dir='ltr'><strong>cum</strong></span> <span class='ocrx_word' id='word_1_103' title='bbox 1575 1665 1857 1757; x_wconf 88' lang='lat' dir='ltr'><strong>subjecto</strong></span> <span class='ocrx_word' id='word_1_104' title='bbox 1889 1664 2057 1757; x_wconf 88' lang='lat' dir='ltr'><strong>prius</strong></span> <span class='ocrx_word' id='word_1_105' title='bbox 2088 1688 2231 1733; x_wconf 88' lang='lat' dir='ltr'><strong>esse</strong></span> <span class='ocrx_word' id='word_1_106' title='bbox 2262 1664 2660 1757; x_wconf 78' lang='lat' dir='ltr'><strong>conjungen-</strong></span> 
     </span>
     <span class='ocr_line' id='line_1_15' title="bbox 413 1768 2659 1864; baseline 0.001 -26"><span class='ocrx_word' id='word_1_107' title='bbox 413 1768 570 1840; x_wconf 90' lang='lat' dir='ltr'><strong>dam·</strong></span> <span class='ocrx_word' id='word_1_108' title='bbox 601 1794 788 1863; x_wconf 90' lang='lat' dir='ltr'><strong>quam</strong></span> <span class='ocrx_word' id='word_1_109' title='bbox 835 1770 1051 1850; x_wconf 87' lang='lat' dir='ltr'><strong>aliam,</strong></span> <span class='ocrx_word' id='word_1_110' title='bbox 1108 1794 1234 1840; x_wconf 89' lang='lat' dir='ltr'><strong>non</strong></span> <span class='ocrx_word' id='word_1_111' title='bbox 1281 1792 1581 1864; x_wconf 87' lang='lat' dir='ltr'><strong>expressa</strong></span> <span class='ocrx_word' id='word_1_112' title='bbox 1637 1771 1829 1863; x_wconf 87' lang='lat' dir='ltr'><strong>ipsius</strong></span> <span class='ocrx_word' id='word_1_113' title='bbox 1885 1769 2333 1863; x_wconf 87' lang='lat' dir='ltr'><strong>conjunctionis</strong></span> <span class='ocrx_word' id='word_1_114' title='bbox 2390 1770 2659 1863; x_wconf 87' lang='lat' dir='ltr'><strong>quadam</strong></span> 
     </span>
     <span class='ocr_line' id='line_1_16' title="bbox 413 1874 2661 1969; baseline 0.001 -25"><span class='ocrx_word' id='word_1_115' title='bbox 413 1874 810 1954; x_wconf 76' lang='lat' dir='ltr'><strong>diversitate:</strong></span> <span class='ocrx_word' id='word_1_116' title='bbox 854 1874 968 1945; x_wconf 88' lang='lat' dir='ltr'><strong>sed</strong></span> <span class='ocrx_word' id='word_1_117' title='bbox 1015 1876 1218 1969; x_wconf 84' lang='lat' dir='ltr'><strong>potius</strong></span> <span class='ocrx_word' id='word_1_118' title='bbox 1264 1876 1592 1958; x_wconf 89' lang='lat' dir='ltr'><strong>attributo,</strong></span> <span class='ocrx_word' id='word_1_119' title='bbox 1639 1886 1711 1946; x_wconf 88' lang='lat' dir='ltr'><strong>ut</strong></span> <span class='ocrx_word' id='word_1_120' title='bbox 1741 1874 2327 1956; x_wconf 85' lang='lat' dir='ltr'><strong>demonstravimus,</strong></span> <span class='ocrx_word' id='word_1_121' title='bbox 2368 1875 2661 1948; x_wconf 80' lang='lat' dir='ltr'><strong>declara-</strong></span> 
     </span>
     <span class='ocr_line' id='line_1_17' title="bbox 412 1977 2663 2077; baseline 0.001 -25"><span class='ocrx_word' id='word_1_122' title='bbox 412 1977 548 2052; x_wconf 85' lang='lat' dir='ltr'><strong>tur:</strong></span> <span class='ocrx_word' id='word_1_123' title='bbox 594 1983 858 2077; x_wconf 77' lang='lat' dir='ltr'><strong>qualitas</strong></span> <span class='ocrx_word' id='word_1_124' title='bbox 903 1992 1087 2053; x_wconf 86' lang='lat' dir='ltr'><strong>antea</strong></span> <span class='ocrx_word' id='word_1_125' title='bbox 1135 2006 1276 2053; x_wconf 91' lang='lat' dir='ltr'><strong>cum</strong></span> <span class='ocrx_word' id='word_1_126' title='bbox 1323 1981 1608 2075; x_wconf 83' lang='lat' dir='ltr'><strong>subjecto</strong></span> <span class='ocrx_word' id='word_1_127' title='bbox 1655 1983 1907 2054; x_wconf 83' lang='lat' dir='ltr'><strong>fortiter</strong></span> <span class='ocrx_word' id='word_1_128' title='bbox 1936 1982 2243 2074; x_wconf 85' lang='lat' dir='ltr'><strong>copulata,</strong></span> <span class='ocrx_word' id='word_1_129' title='bbox 2291 1992 2428 2053; x_wconf 91' lang='lat' dir='ltr'><strong>tum</strong></span> <span class='ocrx_word' id='word_1_130' title='bbox 2472 1981 2553 2053; x_wconf 90' lang='lat' dir='ltr'><strong>ab</strong></span> <span class='ocrx_word' id='word_1_131' title='bbox 2584 2006 2663 2055; x_wconf 89' lang='lat' dir='ltr'><strong>eo</strong></span> 
     </span>
     <span class='ocr_line' id='line_1_18' title="bbox 415 2086 2665 2171; baseline 0.001 -14"><span class='ocrx_word' id='word_1_132' title='bbox 415 2086 636 2171; x_wconf 88' lang='lat' dir='ltr'><strong>soluta,</strong></span> <span class='ocrx_word' id='word_1_133' title='bbox 681 2087 793 2160; x_wconf 86' lang='lat' dir='ltr'><strong>sed</strong></span> <span class='ocrx_word' id='word_1_134' title='bbox 839 2090 1068 2159; x_wconf 87' lang='lat' dir='ltr'><strong>iterum</strong></span> <span class='ocrx_word' id='word_1_135' title='bbox 1115 2088 1454 2159; x_wconf 78' lang='lat' dir='ltr'><strong>fortissime</strong></span> <span class='ocrx_word' id='word_1_136' title='bbox 1491 2086 1568 2156; x_wconf 90' lang='lat' dir='ltr'><strong>ad</strong></span> <span class='ocrx_word' id='word_1_137' title='bbox 1601 2113 1788 2159; x_wconf 88' lang='lat' dir='ltr'><strong>unam</strong></span> <span class='ocrx_word' id='word_1_138' title='bbox 1822 2088 2147 2158; x_wconf 86' lang='lat' dir='ltr'><strong>notionem</strong></span> <span class='ocrx_word' id='word_1_139' title='bbox 2178 2112 2318 2159; x_wconf 87' lang='lat' dir='ltr'><strong>cum</strong></span> <span class='ocrx_word' id='word_1_140' title='bbox 2348 2089 2455 2159; x_wconf 88' lang='lat' dir='ltr'><strong>illo</strong></span> <span class='ocrx_word' id='word_1_141' title='bbox 2486 2112 2665 2160; x_wconf 91' lang='lat' dir='ltr'><strong>com-</strong></span> 
     </span>
     <span class='ocr_line' id='line_1_19' title="bbox 411 2193 2665 2313; baseline 0.001 -51"><span class='ocrx_word' id='word_1_142' title='bbox 411 2194 748 2313; x_wconf 85' lang='lat' dir='ltr'><strong>prehensa.</strong></span> <span class='ocrx_word' id='word_1_143' title='bbox 839 2198 1024 2265; x_wconf 89' lang='lat' dir='ltr'><strong>Hanc</strong></span> <span class='ocrx_word' id='word_1_144' title='bbox 1070 2194 1354 2266; x_wconf 75' lang='lat' dir='ltr'><strong>attributi</strong></span> <span class='ocrx_word' id='word_1_145' title='bbox 1401 2195 1522 2263; x_wconf 82' lang='lat' dir='ltr'><strong>vim</strong></span> <span class='ocrx_word' id='word_1_146' title='bbox 1570 2193 1869 2265; x_wconf 85' lang='lat' dir='ltr'><strong>Sinenses</strong></span> <span class='ocrx_word' id='word_1_147' title='bbox 1926 2216 2052 2263; x_wconf 90' lang='lat' dir='ltr'><strong>non</strong></span> <span class='ocrx_word' id='word_1_148' title='bbox 2100 2196 2473 2267; x_wconf 83' lang='lat' dir='ltr'><strong>sentiebant.</strong></span> <span class='ocrx_word' id='word_1_149' title='bbox 2542 2196 2665 2265; x_wconf 84' lang='lat' dir='ltr'><strong>Ac</strong></span> 
     </span>
     <span class='ocr_line' id='line_1_20' title="bbox 413 2298 2663 2408; baseline 0.003 -40"><span class='ocrx_word' id='word_1_150' title='bbox 413 2298 690 2394; x_wconf 81' lang='lat' dir='ltr'><strong>quamvis</strong></span> <span class='ocrx_word' id='word_1_151' title='bbox 737 2303 1156 2372; x_wconf 88' lang='lat' dir='ltr'><strong>communiter</strong></span> <span class='ocrx_word' id='word_1_152' title='bbox 1197 2300 1486 2395; x_wconf 88' lang='lat' dir='ltr'><strong>quidem,</strong></span> <span class='ocrx_word' id='word_1_153' title='bbox 1531 2298 1982 2408; x_wconf 85' lang='lat' dir='ltr'><strong>posterioribus</strong></span> <span class='ocrx_word' id='word_1_154' title='bbox 2026 2300 2363 2394; x_wconf 88' lang='lat' dir='ltr'><strong>praecipue</strong></span> <span class='ocrx_word' id='word_1_155' title='bbox 2408 2311 2663 2395; x_wconf 85' lang='lat' dir='ltr'><strong>tempo-</strong></span> 
     </span>
     <span class='ocr_line' id='line_1_21' title="bbox 415 2400 2665 2496; baseline 0.002 -21"><span class='ocrx_word' id='word_1_156' title='bbox 415 2405 590 2475; x_wconf 87' lang='lat' dir='ltr'><strong>ribus</strong></span> <span class='ocrx_word' id='word_1_157' title='bbox 633 2405 782 2475; x_wconf 90' lang='lat' dir='ltr'><strong>inde</strong></span> <span class='ocrx_word' id='word_1_158' title='bbox 830 2430 862 2475; x_wconf 88' lang='lat' dir='ltr'><strong>a</strong></span> <span class='ocrx_word' id='word_1_159' title='bbox 912 2407 1246 2489; x_wconf 83' lang='lat' dir='ltr'><strong>Consucio,</strong></span> <span class='ocrx_word' id='word_1_160' title='bbox 1307 2416 1480 2477; x_wconf 83' lang='lat' dir='ltr'><strong>certa</strong></span> <span class='ocrx_word' id='word_1_161' title='bbox 1523 2400 1771 2475; x_wconf 82' lang='lat' dir='ltr'><strong>constet</strong></span> <span class='ocrx_word' id='word_1_162' title='bbox 1813 2406 2070 2496; x_wconf 81' lang='lat' dir='ltr'><strong>regula.</strong></span> <span class='ocrx_word' id='word_1_163' title='bbox 2115 2429 2301 2476; x_wconf 88' lang='lat' dir='ltr'><strong>voces</strong></span> <span class='ocrx_word' id='word_1_164' title='bbox 2346 2416 2493 2477; x_wconf 87' lang='lat' dir='ltr'><strong>ante</strong></span> <span class='ocrx_word' id='word_1_165' title='bbox 2536 2432 2665 2479; x_wconf 88' lang='lat' dir='ltr'><strong>no·-</strong></span> 
     </span>
     <span class='ocr_line' id='line_1_22' title="bbox 418 2511 2663 2609; baseline 0.002 -28"><span class='ocrx_word' id='word_1_166' title='bbox 418 2512 584 2581; x_wconf 79' lang='lat' dir='ltr'><strong>mina</strong></span> <span class='ocrx_word' id='word_1_167' title='bbox 629 2511 888 2604; x_wconf 89' lang='lat' dir='ltr'><strong>positas,</strong></span> <span class='ocrx_word' id='word_1_168' title='bbox 933 2536 1129 2607; x_wconf 91' lang='lat' dir='ltr'><strong>quum</strong></span> <span class='ocrx_word' id='word_1_169' title='bbox 1175 2513 1234 2582; x_wconf 91' lang='lat' dir='ltr'><strong>in</strong></span> <span class='ocrx_word' id='word_1_170' title='bbox 1286 2522 1534 2583; x_wconf 81' lang='lat' dir='ltr'><strong>nostros</strong></span> <span class='ocrx_word' id='word_1_171' title='bbox 1580 2521 1901 2581; x_wconf 86' lang='lat' dir='ltr'><strong>vertantur</strong></span> <span class='ocrx_word' id='word_1_172' title='bbox 1958 2535 2317 2595; x_wconf 80' lang='lat' dir='ltr'><strong>sermones,</strong></span> <span class='ocrx_word' id='word_1_173' title='bbox 2362 2523 2663 2609; x_wconf 83' lang='lat' dir='ltr'><strong>tanquam</strong></span> 
     </span>
     <span class='ocr_line' id='line_1_23' title="bbox 397 2616 2665 2712; baseline 0.002 -25"><span class='ocrx_word' id='word_1_174' title='bbox 397 2618 719 2687; x_wconf 62' lang='lat' dir='ltr'><strong>⁴attributa</strong></span> <span class='ocrx_word' id='word_1_175' title='bbox 757 2622 902 2688; x_wconf 82' lang='lat' dir='ltr'><strong>&#39;esse</strong></span> <span class='ocrx_word' id='word_1_176' title='bbox 949 2616 1361 2712; x_wconf 83' lang='lat' dir='ltr'><strong>accipiendas,</strong></span> <span class='ocrx_word' id='word_1_177' title='bbox 1407 2627 1618 2689; x_wconf 85' lang='lat' dir='ltr'><strong>tamen</strong></span> <span class='ocrx_word' id='word_1_178' title='bbox 1667 2620 1729 2687; x_wconf 93' lang='lat' dir='ltr'><strong>in</strong></span> <span class='ocrx_word' id='word_1_179' title='bbox 1776 2618 2065 2689; x_wconf 89' lang='lat' dir='ltr'><strong>Sinarum</strong></span> <span class='ocrx_word' id='word_1_180' title='bbox 2112 2619 2319 2689; x_wconf 87' lang='lat' dir='ltr'><strong>animo</strong></span> <span class='ocrx_word' id='word_1_181' title='bbox 2366 2620 2665 2691; x_wconf 81' lang='lat' dir='ltr'><strong>attributa</strong></span> 
     </span>
     <span class='ocr_line' id='line_1_24' title="bbox 417 2723 2667 2818; baseline 0.001 -25"><span class='ocrx_word' id='word_1_182' title='bbox 417 2748 454 2793; x_wconf 88' lang='lat' dir='ltr'><strong>a</strong></span> <span class='ocrx_word' id='word_1_183' title='bbox 497 2723 870 2818; x_wconf 87' lang='lat' dir='ltr'><strong>praedicatis</strong></span> <span class='ocrx_word' id='word_1_184' title='bbox 929 2748 1052 2795; x_wconf 91' lang='lat' dir='ltr'><strong>non</strong></span> <span class='ocrx_word' id='word_1_185' title='bbox 1099 2725 1187 2794; x_wconf 85' lang='lat' dir='ltr'><strong>ita</strong></span> <span class='ocrx_word' id='word_1_186' title='bbox 1233 2724 1462 2795; x_wconf 85' lang='lat' dir='ltr'><strong>acriter</strong></span> <span class='ocrx_word' id='word_1_187' title='bbox 1505 2723 1790 2795; x_wconf 87' lang='lat' dir='ltr'><strong>distincta</strong></span> <span class='ocrx_word' id='word_1_188' title='bbox 1840 2748 1981 2795; x_wconf 85' lang='lat' dir='ltr'><strong>esse</strong></span> <span class='ocrx_word' id='word_1_189' title='bbox 2034 2750 2120 2796; x_wconf 83' lang='lat' dir='ltr'><strong>ex</strong></span> <span class='ocrx_word' id='word_1_190' title='bbox 2166 2749 2245 2796; x_wconf 90' lang='lat' dir='ltr'><strong>eo</strong></span> <span class='ocrx_word' id='word_1_191' title='bbox 2291 2726 2667 2798; x_wconf 86' lang='lat' dir='ltr'><strong>verisimilli-</strong></span> 
     </span>
     <span class='ocr_line' id='line_1_25' title="bbox 418 2828 2669 2925; baseline 0.002 -25"><span class='ocrx_word' id='word_1_192' title='bbox 418 2853 590 2900; x_wconf 91' lang='lat' dir='ltr'><strong>mum</strong></span> <span class='ocrx_word' id='word_1_193' title='bbox 636 2828 787 2900; x_wconf 87' lang='lat' dir='ltr'><strong>mibi</strong></span> <span class='ocrx_word' id='word_1_194' title='bbox 831 2828 1112 2899; x_wconf 86' lang='lat' dir='ltr'><strong>videtur:</strong></span> <span class='ocrx_word' id='word_1_195' title='bbox 1168 2829 1338 2925; x_wconf 90' lang='lat' dir='ltr'><strong>quod</strong></span> <span class='ocrx_word' id='word_1_196' title='bbox 1373 2832 1663 2921; x_wconf 78' lang='lat' dir='ltr'><strong>primum</strong></span> <span class='ocrx_word' id='word_1_197' title='bbox 1704 2831 1777 2899; x_wconf 86' lang='lat' dir='ltr'><strong>in·</strong></span> <span class='ocrx_word' id='word_1_198' title='bbox 1812 2831 2271 2925; x_wconf 70' lang='lat' dir='ltr'><strong>antiquissimis·</strong></span> <span class='ocrx_word' id='word_1_199' title='bbox 2298 2832 2465 2903; x_wconf 87' lang='lat' dir='ltr'><strong>libris</strong></span> <span class='ocrx_word' id='word_1_200' title='bbox 2508 2832 2669 2905; x_wconf 91' lang='lat' dir='ltr'><strong>sub-</strong></span> 
     </span>
     <span class='ocr_line' id='line_1_26' title="bbox 412 2935 2669 3031; baseline 0.001 -24"><span class='ocrx_word' id='word_1_201' title='bbox 412 2936 650 3028; x_wconf 83' lang='lat' dir='ltr'><strong>jectum</strong></span> <span class='ocrx_word' id='word_1_202' title='bbox 697 2936 942 3029; x_wconf 84' lang='lat' dir='ltr'><strong>saepius</strong></span> <span class='ocrx_word' id='word_1_203' title='bbox 987 2936 1153 3005; x_wconf 89' lang='lat' dir='ltr'><strong>inter</strong></span> <span class='ocrx_word' id='word_1_204' title='bbox 1210 2935 1338 3006; x_wconf 90' lang='lat' dir='ltr'><strong>duo</strong></span> <span class='ocrx_word' id='word_1_205' title='bbox 1383 2937 1737 3029; x_wconf 86' lang='lat' dir='ltr'><strong>praedicata</strong></span> <span class='ocrx_word' id='word_1_206' title='bbox 1755 2989 1772 3019; x_wconf 94' lang='lat'><strong>,</strong></span> <span class='ocrx_word' id='word_1_207' title='bbox 1806 2948 1993 3031; x_wconf 81' lang='lat' dir='ltr'><strong>&#39;quae</strong></span> <span class='ocrx_word' id='word_1_208' title='bbox 2048 2937 2125 3009; x_wconf 85' lang='lat' dir='ltr'><strong>ad</strong></span> <span class='ocrx_word' id='word_1_209' title='bbox 2184 2937 2248 3007; x_wconf 89' lang='lat' dir='ltr'><strong>id</strong></span> <span class='ocrx_word' id='word_1_210' title='bbox 2302 2939 2669 3009; x_wconf 82' lang='lat' dir='ltr'><strong>reseruntur</strong></span> 
     </span>
     <span class='ocr_line' id='line_1_27' title="bbox 421 3042 2669 3136; baseline 0.001 -26"><span class='ocrx_word' id='word_1_211' title='bbox 421 3050 490 3111; x_wconf 90' lang='lat' dir='ltr'><strong>et</strong></span> <span class='ocrx_word' id='word_1_212' title='bbox 528 3042 834 3134; x_wconf 87' lang='lat' dir='ltr'><strong>particula</strong></span> <span class='ocrx_word' id='word_1_213' title='bbox 889 3052 1014 3120; x_wconf 77' lang='lat' dir='ltr'><strong>„et“</strong></span> <span class='ocrx_word' id='word_1_214' title='bbox 1067 3051 1214 3112; x_wconf 86' lang='lat' dir='ltr'><strong>sunt</strong></span> <span class='ocrx_word' id='word_1_215' title='bbox 1243 3042 1701 3135; x_wconf 88' lang='lat' dir='ltr'><strong>conjungenda,</strong></span> <span class='ocrx_word' id='word_1_216' title='bbox 1747 3044 2018 3136; x_wconf 88' lang='lat' dir='ltr'><strong>positum</strong></span> <span class='ocrx_word' id='word_1_217' title='bbox 2048 3044 2413 3126; x_wconf 58' lang='lat' dir='ltr'><strong>invenimus„</strong></span> <span class='ocrx_word' id='word_1_218' title='bbox 2457 3051 2531 3113; x_wconf 90' lang='lat' dir='ltr'><strong>ut</strong></span> <span class='ocrx_word' id='word_1_219' title='bbox 2558 3066 2669 3113; x_wconf 87' lang='lat' dir='ltr'><strong>so-</strong></span> 
     </span>
     <span class='ocr_line' id='line_1_28' title="bbox 420 3147 2705 3244; baseline 0.002 -29"><span class='ocrx_word' id='word_1_220' title='bbox 420 3148 510 3217; x_wconf 89' lang='lat' dir='ltr'><strong>let</strong></span> <span class='ocrx_word' id='word_1_221' title='bbox 555 3148 721 3217; x_wconf 87' lang='lat' dir='ltr'><strong>inter</strong></span> <span class='ocrx_word' id='word_1_222' title='bbox 766 3147 1136 3218; x_wconf 84' lang='lat' dir='ltr'><strong>attributum</strong></span> <span class='ocrx_word' id='word_1_223' title='bbox 1169 3157 1236 3218; x_wconf 87' lang='lat' dir='ltr'><strong>et</strong></span> <span class='ocrx_word' id='word_1_224' title='bbox 1264 3148 1726 3240; x_wconf 80' lang='lat' dir='ltr'><strong>praedicatum3</strong></span> <span class='ocrx_word' id='word_1_225' title='bbox 1772 3153 1995 3221; x_wconf 77' lang='lat' dir='ltr'><strong>deinde</strong></span> <span class='ocrx_word' id='word_1_226' title='bbox 2032 3160 2243 3221; x_wconf 86' lang='lat' dir='ltr'><strong>autem</strong></span> <span class='ocrx_word' id='word_1_227' title='bbox 2274 3147 2445 3244; x_wconf 89' lang='lat' dir='ltr'><strong>quod</strong></span> <span class='ocrx_word' id='word_1_228' title='bbox 2477 3170 2705 3240; x_wconf 90' lang='lat' dir='ltr'><strong>prae-·</strong></span> 
     </span>
     <span class='ocr_line' id='line_1_29' title="bbox 422 3251 2670 3348; baseline 0.002 -26"><span class='ocrx_word' id='word_1_229' title='bbox 422 3251 681 3323; x_wconf 87' lang='lat' dir='ltr'><strong>dicativa</strong></span> <span class='ocrx_word' id='word_1_230' title='bbox 725 3255 887 3323; x_wconf 88' lang='lat' dir='ltr'><strong>ratio</strong></span> <span class='ocrx_word' id='word_1_231' title='bbox 932 3254 1098 3346; x_wconf 86' lang='lat' dir='ltr'><strong>ipsa,</strong></span> <span class='ocrx_word' id='word_1_232' title='bbox 1155 3277 1350 3348; x_wconf 86' lang='lat' dir='ltr'><strong>quum</strong></span> <span class='ocrx_word' id='word_1_233' title='bbox 1407 3256 1659 3325; x_wconf 84' lang='lat' dir='ltr'><strong>nomina</strong></span> <span class='ocrx_word' id='word_1_234' title='bbox 1719 3281 1754 3327; x_wconf 91' lang='lat' dir='ltr'><strong>a</strong></span> <span class='ocrx_word' id='word_1_235' title='bbox 1800 3254 2001 3325; x_wconf 88' lang='lat' dir='ltr'><strong>verbis</strong></span> <span class='ocrx_word' id='word_1_236' title='bbox 2060 3279 2185 3327; x_wconf 91' lang='lat' dir='ltr'><strong>non</strong></span> <span class='ocrx_word' id='word_1_237' title='bbox 2232 3258 2381 3325; x_wconf 88' lang='lat' dir='ltr'><strong>satis</strong></span> <span class='ocrx_word' id='word_1_238' title='bbox 2428 3254 2670 3326; x_wconf 86' lang='lat' dir='ltr'><strong>discer-</strong></span> 
     </span>
     <span class='ocr_line' id='line_1_30' title="bbox 421 3358 2673 3455; baseline 0.001 -27"><span class='ocrx_word' id='word_1_239' title='bbox 421 3371 684 3441; x_wconf 90' lang='lat' dir='ltr'><strong>nantur,</strong></span> <span class='ocrx_word' id='word_1_240' title='bbox 740 3382 775 3429; x_wconf 89' lang='lat' dir='ltr'><strong>a</strong></span> <span class='ocrx_word' id='word_1_241' title='bbox 823 3358 1190 3429; x_wconf 89' lang='lat' dir='ltr'><strong>Sinensibus</strong></span> <span class='ocrx_word' id='word_1_242' title='bbox 1241 3370 1538 3455; x_wconf 85' lang='lat' dir='ltr'><strong>tanquam</strong></span> <span class='ocrx_word' id='word_1_243' title='bbox 1584 3361 1945 3434; x_wconf 85' lang='lat' dir='ltr'><strong>attributiva</strong></span> <span class='ocrx_word' id='word_1_244' title='bbox 1990 3369 2246 3455; x_wconf 89' lang='lat' dir='ltr'><strong>accepta</strong></span> <span class='ocrx_word' id='word_1_245' title='bbox 2290 3361 2559 3445; x_wconf 80' lang='lat' dir='ltr'><strong>videtur,</strong></span> <span class='ocrx_word' id='word_1_246' title='bbox 2606 3370 2673 3431; x_wconf 86' lang='lat' dir='ltr'><strong>et</strong></span> 
     </span>
     <span class='ocr_line' id='line_1_31' title="bbox 421 3450 2673 3563; baseline 0 -26"><span class='ocrx_word' id='word_1_247' title='bbox 421 3469 690 3558; x_wconf 78' lang='lat' dir='ltr'><strong>denique</strong></span> <span class='ocrx_word' id='word_1_248' title='bbox 733 3466 902 3560; x_wconf 90' lang='lat' dir='ltr'><strong>quod</strong></span> <span class='ocrx_word' id='word_1_249' title='bbox 949 3466 1011 3535; x_wconf 90' lang='lat' dir='ltr'><strong>id</strong></span> <span class='ocrx_word' id='word_1_250' title='bbox 1056 3450 1258 3559; x_wconf 83' lang='lat' dir='ltr'><strong>potius</strong></span> <span class='ocrx_word' id='word_1_251' title='bbox 1305 3466 1635 3539; x_wconf 88' lang='lat' dir='ltr'><strong>discrimen</strong></span> <span class='ocrx_word' id='word_1_252' title='bbox 1684 3470 1916 3549; x_wconf 87' lang='lat' dir='ltr'><strong>solum,</strong></span> <span class='ocrx_word' id='word_1_253' title='bbox 1962 3466 2135 3563; x_wconf 90' lang='lat' dir='ltr'><strong>quod</strong></span> <span class='ocrx_word' id='word_1_254' title='bbox 2178 3467 2345 3539; x_wconf 87' lang='lat' dir='ltr'><strong>inter</strong></span> <span class='ocrx_word' id='word_1_255' title='bbox 2390 3470 2673 3538; x_wconf 75' lang='lat' dir='ltr'><strong>attribu-</strong></span> 
     </span>
     <span class='ocr_line' id='line_1_32' title="bbox 423 3571 2673 3667; baseline 0 -26"><span class='ocrx_word' id='word_1_256' title='bbox 423 3586 558 3641; x_wconf 77' lang='lat' dir='ltr'><strong>tum</strong></span> <span class='ocrx_word' id='word_1_257' title='bbox 602 3582 668 3642; x_wconf 88' lang='lat' dir='ltr'><strong>et</strong></span> <span class='ocrx_word' id='word_1_258' title='bbox 713 3571 1029 3664; x_wconf 68' lang='lat' dir='ltr'><strong>objectum</strong></span> <span class='ocrx_word' id='word_1_259' title='bbox 1070 3572 1441 3655; x_wconf 85' lang='lat' dir='ltr'><strong>intercedat,</strong></span> <span class='ocrx_word' id='word_1_260' title='bbox 1486 3597 1773 3667; x_wconf 86' lang='lat' dir='ltr'><strong>pressum</strong></span> <span class='ocrx_word' id='word_1_261' title='bbox 1819 3596 1959 3645; x_wconf 88' lang='lat' dir='ltr'><strong>esse</strong></span> <span class='ocrx_word' id='word_1_262' title='bbox 2006 3594 2079 3643; x_wconf 88' lang='lat' dir='ltr'><strong>ac</strong></span> <span class='ocrx_word' id='word_1_263' title='bbox 2122 3573 2279 3643; x_wconf 86' lang='lat' dir='ltr'><strong>mira</strong></span> <span class='ocrx_word' id='word_1_264' title='bbox 2324 3572 2673 3644; x_wconf 85' lang='lat' dir='ltr'><strong>subtilitate</strong></span> 
     </span>
     <span class='ocr_line' id='line_1_33' title="bbox 423 3676 2673 3771; baseline 0.001 -25"><span class='ocrx_word' id='word_1_265' title='bbox 423 3676 761 3747; x_wconf 86' lang='lat' dir='ltr'><strong>verborum</strong></span> <span class='ocrx_word' id='word_1_266' title='bbox 817 3676 1124 3770; x_wconf 86' lang='lat' dir='ltr'><strong>positione</strong></span> <span class='ocrx_word' id='word_1_267' title='bbox 1193 3679 1606 3771; x_wconf 83' lang='lat' dir='ltr'><strong>significatum</strong></span> <span class='ocrx_word' id='word_1_268' title='bbox 1672 3680 1914 3751; x_wconf 88' lang='lat' dir='ltr'><strong>videtur</strong></span> <span class='ocrx_word' id='word_1_269' title='bbox 1984 3679 2393 3753; x_wconf 86' lang='lat' dir='ltr'><strong>censendum.</strong></span> <span class='ocrx_word' id='word_1_270' title='bbox 2484 3678 2673 3762; x_wconf 86' lang='lat' dir='ltr'><strong>Quae</strong></span> 
     </span>
     <span class='ocr_line' id='line_1_34' title="bbox 421 3782 1889 3877; baseline 0.002 -23"><span class='ocrx_word' id='word_1_271' title='bbox 421 3784 539 3854; x_wconf 88' lang='lat' dir='ltr'><strong>tria</strong></span> <span class='ocrx_word' id='word_1_272' title='bbox 585 3782 882 3877; x_wconf 89' lang='lat' dir='ltr'><strong>deinceps</strong></span> <span class='ocrx_word' id='word_1_273' title='bbox 928 3784 1107 3855; x_wconf 89' lang='lat' dir='ltr'><strong>nobis</strong></span> <span class='ocrx_word' id='word_1_274' title='bbox 1155 3785 1640 3859; x_wconf 85' lang='lat' dir='ltr'><strong>demonstranda</strong></span> <span class='ocrx_word' id='word_1_275' title='bbox 1688 3796 1889 3859; x_wconf 88' lang='lat' dir='ltr'><strong>erunt.</strong></span> 
     </span>
    </p>

    <p class='ocr_par' dir='ltr' id='par_1_4' title="bbox 424 3890 2679 4306">
     <span class='ocr_line' id='line_1_35' title="bbox 598 3890 2675 3988; baseline -0.001 -26"><span class='ocrx_word' id='word_1_276' title='bbox 598 3894 688 3962; x_wconf 83' lang='lat' dir='ltr'><strong>At</strong></span> <span class='ocrx_word' id='word_1_277' title='bbox 733 3890 812 3960; x_wconf 91' lang='lat' dir='ltr'><strong>de</strong></span> <span class='ocrx_word' id='word_1_278' title='bbox 858 3891 1136 3962; x_wconf 84' lang='lat' dir='ltr'><strong>secundo</strong></span> <span class='ocrx_word' id='word_1_279' title='bbox 1180 3891 1450 3984; x_wconf 87' lang='lat' dir='ltr'><strong>primum</strong></span> <span class='ocrx_word' id='word_1_280' title='bbox 1495 3893 1669 3988; x_wconf 89' lang='lat' dir='ltr'><strong>loqui</strong></span> <span class='ocrx_word' id='word_1_281' title='bbox 1716 3902 1931 3986; x_wconf 86' lang='lat' dir='ltr'><strong>aptum</strong></span> <span class='ocrx_word' id='word_1_282' title='bbox 1972 3892 2239 3964; x_wconf 84' lang='lat' dir='ltr'><strong>videtur.</strong></span> <span class='ocrx_word' id='word_1_283' title='bbox 2308 3890 2675 3983; x_wconf 84' lang='lat' dir='ltr'><strong>Subjectum</strong></span> 
     </span>
     <span class='ocr_line' id='line_1_36' title="bbox 425 3994 2675 4093; baseline 0.001 -29"><span class='ocrx_word' id='word_1_284' title='bbox 425 4004 571 4066; x_wconf 87' lang='lat' dir='ltr'><strong>ante</strong></span> <span class='ocrx_word' id='word_1_285' title='bbox 617 3994 1040 4089; x_wconf 87' lang='lat' dir='ltr'><strong>praedicatum</strong></span> <span class='ocrx_word' id='word_1_286' title='bbox 1087 4007 1154 4068; x_wconf 91' lang='lat' dir='ltr'><strong>et</strong></span> <span class='ocrx_word' id='word_1_287' title='bbox 1199 3996 1570 4069; x_wconf 86' lang='lat' dir='ltr'><strong>attributum</strong></span> <span class='ocrx_word' id='word_1_288' title='bbox 1616 4008 1761 4069; x_wconf 87' lang='lat' dir='ltr'><strong>ante</strong></span> <span class='ocrx_word' id='word_1_289' title='bbox 1794 3998 2144 4092; x_wconf 88' lang='lat' dir='ltr'><strong>subjectum</strong></span> <span class='ocrx_word' id='word_1_290' title='bbox 2176 4000 2320 4093; x_wconf 91' lang='lat' dir='ltr'><strong>poni</strong></span> <span class='ocrx_word' id='word_1_291' title='bbox 2344 3998 2473 4092; x_wconf 88' lang='lat' dir='ltr'><strong>jam</strong></span> <span class='ocrx_word' id='word_1_292' title='bbox 2506 3994 2675 4067; x_wconf 80' lang='lat' dir='ltr'><strong>dixi-</strong></span> 
     </span>
     <span class='ocr_line' id='line_1_37' title="bbox 424 4102 2678 4198; baseline 0.001 -28"><span class='ocrx_word' id='word_1_293' title='bbox 424 4122 580 4170; x_wconf 88' lang='lat' dir='ltr'><strong>mus.</strong></span> <span class='ocrx_word' id='word_1_294' title='bbox 664 4102 884 4185; x_wconf 86' lang='lat' dir='ltr'><strong>Quare</strong></span> <span class='ocrx_word' id='word_1_295' title='bbox 915 4109 966 4173; x_wconf 72' lang='lat' dir='ltr'><strong>ti</strong></span> <span class='ocrx_word' id='word_1_296' title='bbox 993 4103 1121 4196; x_wconf 78' lang='lat' dir='ltr'><strong>jue</strong></span> <span class='ocrx_word' id='word_1_297' title='bbox 1162 4109 1230 4190; x_wconf 86' lang='lat'><strong>(1</strong></span> <span class='ocrx_word' id='word_1_298' title='bbox 1260 4127 1314 4187; x_wconf 91' lang='lat' dir='ltr'><strong>c,</strong></span> <span class='ocrx_word' id='word_1_299' title='bbox 1347 4104 1416 4191; x_wconf 92' lang='lat' dir='ltr'><strong>d)</strong></span> <span class='ocrx_word' id='word_1_300' title='bbox 1461 4104 1815 4196; x_wconf 84' lang='lat' dir='ltr'><strong>significare</strong></span> <span class='ocrx_word' id='word_1_301' title='bbox 1848 4114 2084 4198; x_wconf 74' lang='lat' dir='ltr'><strong>potestt</strong></span> <span class='ocrx_word' id='word_1_302' title='bbox 2127 4105 2476 4196; x_wconf 76' lang='lat' dir='ltr'><strong>imperator</strong></span> <span class='ocrx_word' id='word_1_303' title='bbox 2507 4102 2678 4173; x_wconf 65' lang='lat' dir='ltr'><strong>dimit</strong></span> 
     </span>
     <span class='ocr_line' id='line_1_38' title="bbox 425 4205 2679 4306; baseline 0 -29"><span class='ocrx_word' id='word_1_304' title='bbox 425 4215 495 4277; x_wconf 87' lang='lat' dir='ltr'><strong>et</strong></span> <span class='ocrx_word' id='word_1_305' title='bbox 532 4206 938 4298; x_wconf 61' lang='lat' dir='ltr'><strong>imperatoris</strong></span> <span class='ocrx_word' id='word_1_306' title='bbox 979 4213 1257 4281; x_wconf 76' lang='lat' dir='ltr'><strong>verbum.</strong></span> <span class='ocrx_word' id='word_1_307' title='bbox 1346 4210 1578 4306; x_wconf 85' lang='lat' dir='ltr'><strong>Atque</strong></span> <span class='ocrx_word' id='word_1_308' title='bbox 1607 4210 1933 4306; x_wconf 88' lang='lat' dir='ltr'><strong>equidem,</strong></span> <span class='ocrx_word' id='word_1_309' title='bbox 1972 4208 2295 4304; x_wconf 86' lang='lat' dir='ltr'><strong>quomodo</strong></span> <span class='ocrx_word' id='word_1_310' title='bbox 2348 4210 2506 4279; x_wconf 85' lang='lat' dir='ltr'><strong>haec</strong></span> <span class='ocrx_word' id='word_1_311' title='bbox 2552 4205 2679 4277; x_wconf 92' lang='lat' dir='ltr'><strong>duo</strong></span> 
     </span>
    </p>

    <p class='ocr_par' dir='ltr' id='par_1_5' title="bbox 363 4311 2679 4515">
     <span class='ocr_line' id='line_1_39' title="bbox 363 4311 2679 4411; baseline 0.001 -28"><span class='ocrx_word' id='word_1_312' title='bbox 363 4376 378 4391; x_wconf 71' lang='grc'>,</span> <span class='ocrx_word' id='word_1_313' title='bbox 425 4336 462 4383; x_wconf 87' lang='lat' dir='ltr'><strong>a</strong></span> <span class='ocrx_word' id='word_1_314' title='bbox 508 4311 872 4383; x_wconf 87' lang='lat' dir='ltr'><strong>Sinensibus</strong></span> <span class='ocrx_word' id='word_1_315' title='bbox 914 4316 1080 4388; x_wconf 85' lang='lat' dir='ltr'><strong>inter</strong></span> <span class='ocrx_word' id='word_1_316' title='bbox 1125 4340 1194 4387; x_wconf 91' lang='lat' dir='ltr'><strong>se</strong></span> <span class='ocrx_word' id='word_1_317' title='bbox 1241 4318 1538 4409; x_wconf 80' lang='lat' dir='ltr'><strong>distingui</strong></span> <span class='ocrx_word' id='word_1_318' title='bbox 1580 4318 1839 4411; x_wconf 87' lang='lat' dir='ltr'><strong>possint,</strong></span> <span class='ocrx_word' id='word_1_319' title='bbox 1885 4315 2116 4389; x_wconf 87' lang='lat' dir='ltr'><strong>nescio.</strong></span> <span class='ocrx_word' id='word_1_320' title='bbox 2184 4319 2347 4387; x_wconf 89' lang='lat' dir='ltr'><strong>Nam</strong></span> <span class='ocrx_word' id='word_1_321' title='bbox 2392 4314 2443 4385; x_wconf 90' lang='lat' dir='ltr'><strong>si</strong></span> <span class='ocrx_word' id='word_1_322' title='bbox 2470 4314 2679 4385; x_wconf 88' lang='lat' dir='ltr'><strong>inter-</strong></span> 
     </span>
     <span class='ocr_line' id='line_1_40' title="bbox 419 4416 2679 4515; baseline 0.001 -24"><span class='ocrx_word' id='word_1_323' title='bbox 419 4420 592 4511; x_wconf 84' lang='lat' dir='ltr'><strong>jecto</strong></span> <span class='ocrx_word' id='word_1_324' title='bbox 629 4416 712 4491; x_wconf 71' lang='lat' dir='ltr'><strong>‘ci</strong></span> <span class='ocrx_word' id='word_1_325' title='bbox 753 4423 822 4507; x_wconf 81' lang='lat'><strong>(1</strong></span> <span class='ocrx_word' id='word_1_326' title='bbox 851 4426 920 4509; x_wconf 85' lang='lat' dir='ltr'><strong>e)</strong></span> <span class='ocrx_word' id='word_1_327' title='bbox 965 4424 1334 4515; x_wconf 88' lang='lat' dir='ltr'><strong>pronomine</strong></span> <span class='ocrx_word' id='word_1_328' title='bbox 1379 4423 1592 4496; x_wconf 87' lang='lat' dir='ltr'><strong>dicere</strong></span> <span class='ocrx_word' id='word_1_329' title='bbox 1638 4423 1931 4497; x_wconf 82' lang='lat' dir='ltr'><strong>volumus</strong></span> <span class='ocrx_word' id='word_1_330' title='bbox 1977 4427 2027 4495; x_wconf 75' lang='lat' dir='ltr'><em>u</em></span> <span class='ocrx_word' id='word_1_331' title='bbox 2064 4418 2144 4495; x_wconf 69' lang='lat' dir='ltr'><strong>‘ci</strong></span> <span class='ocrx_word' id='word_1_332' title='bbox 2159 4422 2305 4515; x_wconf 62' lang='lat' dir='ltr'><strong>juz,</strong></span> <span class='ocrx_word' id='word_1_333' title='bbox 2348 4420 2499 4495; x_wconf 88' lang='lat' dir='ltr'><strong>nibil</strong></span> <span class='ocrx_word' id='word_1_334' title='bbox 2530 4444 2679 4493; x_wconf 86' lang='lat' dir='ltr'><strong>mu-</strong></span> 
     </span>
    </p>
   </div>
  </div>
 </body>
</html>
