3225 5259
1430 386 1512 451 51

337 574 504 645 ricae
548 575 610 643 in
657 575 1138 667 septemtriones
1184 575 1526 667 spectantis
1571 574 1893 646 Indianae.
1966 578 2051 647 Hi
2082 578 2315 671 populi,
2360 586 2432 649 ut
2460 590 2609 653 sunt

339 690 407 751 et
451 679 766 751 fortissimi
812 681 998 749 animi
1057 691 1126 751 et
1186 680 1361 749 vividi
1418 680 1841 776 concitatique
1906 683 2168 775 ingenii,
2224 706 2446 755 omnes
2500 706 2607 755 res

337 809 527 880 quam
573 785 874 855 acerrima
917 794 1134 856 mente
1181 809 1254 857 ac
1299 785 1767 881 quodammodo
1819 789 2065 881 poetice
2106 790 2609 884 contemplantur

335 914 590 986 semper
657 900 729 960 ut
793 900 961 964 totas
1029 902 1220 987 atque
1281 893 1596 985 integras,
1676 917 1845 987 quae
1904 918 2049 965 cum
2120 896 2409 967 omnibus
2478 898 2607 969 suis

337 996 616 1091 partibus
671 996 988 1090 aptissime
1051 998 1452 1068 cohaereant.
1543 992 1769 1089 ltaque
1830 1001 2121 1071 oratione
2178 1000 2365 1071 etiam
2422 1003 2607 1093 cogi-

337 1102 608 1173 tationes
651 1103 714 1171 in
763 1100 988 1173 eadem
1033 1126 1148 1173 sua
1177 1103 1418 1173 unitate
1451 1105 1987 1200 cohaerentiaque
2016 1106 2385 1199 exprimunt
2412 1108 2609 1180 servi·-

339 1207 517 1277 diore
563 1217 755 1301 atque
797 1206 1154 1297 agitatiore.
1225 1210 1453 1293 Quare
1500 1230 1723 1279 eorum
1756 1210 2009 1301 linguae
2042 1211 2103 1281 id
2136 1222 2233 1283 est
2262 1213 2607 1307 proprium

337 1312 507 1407 quod
553 1312 780 1395 verba,
839 1311 910 1382 ut
953 1314 1040 1383 ita
1087 1313 1336 1395 dicam,
1395 1314 1853 1396 discutiuntur,
1912 1327 1985 1387 ut
2040 1316 2255 1389 denuo
2302 1338 2429 1389 non
2476 1329 2607 1391 tam

337 1419 799 1511 conjungantur
822 1470 842 1500 ,
907 1442 1094 1513 quam
1157 1422 1324 1492 inter
1380 1444 1452 1490 se
1515 1420 1895 1503 vinciantur,
1962 1424 2605 1520 comprimanturque.

339 1524 708 1617 Subjectum
755 1532 822 1593 et
863 1526 1130 1597 verbum
1175 1538 1246 1597 et
1297 1525 1675 1597 adverbium
1734 1536 1801 1596 et
1843 1528 2165 1620 objectum
2209 1552 2404 1601 unam
2448 1552 2605 1605 eon·

339 1632 607 1703 stituunt
651 1652 900 1714 vocem,
958 1656 1121 1726 quae
1167 1632 1246 1701 sit
1289 1642 1424 1703 tota
1471 1634 1801 1704 universae
1846 1634 2109 1704 actionis
2152 1636 2379 1726 imago.
2472 1636 2605 1708 Sed

342 1737 487 1807 nihil
535 1746 799 1831 apparet
843 1736 1178 1807 anxietatis
1221 1738 1633 1819 Mexicanae‚
1680 1761 1805 1831 qua
1850 1740 2169 1829 objectum
2214 1762 2297 1809 ne
2344 1741 2605 1813 amitta-

342 1852 446 1913 tur
491 1842 682 1915 verbo
727 1842 1114 1923 includatur;
1167 1842 1282 1913 sed
1327 1866 1550 1915 omnes
1603 1844 1907 1915 orationis
1952 1856 2167 1939 partes
2214 1844 2605 1937 cogitationis

339 1948 633 2041 potestati
675 1958 826 2017 sunt
869 1949 1210 2041 subjectae.
1291 1950 1514 2043 Itaque
1559 1948 1935 2019 attributum
1980 1952 2171 2022 etiam
2208 1961 2277 2023 et
2304 1951 2605 2023 substan-

339 2054 532 2123 tivum
578 2077 702 2124 non
751 2056 1254 2147 conjunguntur,
1299 2054 1413 2124 sed
1459 2054 1873 2137 colliduntur:
1932 2081 2055 2128 non
2115 2064 2605 2151 componuntur,

339 2158 456 2229 sed
497 2157 558 2228 in
608 2182 805 2229 unum
849 2184 1080 2255 corpus
1127 2161 1616 2234 confunduntur.
1707 2161 1836 2231 Sed
1884 2164 2004 2232 hae
2050 2163 2301 2253 linguae
2348 2186 2475 2233 non
2522 2163 2605 2233 ad

341 2287 455 2336 nos
503 2265 821 2359 pertinent
865 2289 940 2336 ac
999 2277 1264 2360 propter
1319 2266 1380 2335 id
1440 2277 1691 2336 tantum
1746 2291 1784 2337 a
1842 2267 2023 2338 nobis
2068 2277 2605 2339 commemoratae

339 2381 506 2452 sunt,
551 2372 697 2465 quia
743 2371 1040 2463 Copticae
1087 2379 1153 2441 et
1184 2370 1428 2441 Sinicae
1473 2382 1622 2441 sunt
1663 2373 2039 2443 contrariae.
2093 2373 2283 2443 Plura
2326 2374 2607 2445 invenies

341 2477 505 2571 apud
553 2476 791 2547 Humb.
838 2500 899 2569 p.
948 2477 1392 2547 CCCXXXll.

517 2584 858 2652 Praeterea
903 2582 1188 2673 linguam
1233 2582 1621 2653 Sanscritam
1667 2586 1813 2654 satis
1860 2593 2111 2655 constat
2168 2585 2231 2652 in
2294 2603 2433 2653 eam
2479 2586 2603 2654 fal-

341 2711 476 2759 sam
509 2687 828 2757 inductam
859 2710 1002 2758 esse
1035 2688 1213 2770 viam,
1261 2698 1333 2757 ut
1365 2689 1616 2781 saepius
1654 2690 1827 2782 justo
1860 2690 2321 2783 compositione
2366 2699 2605 2773 utatur,
2687 2712 2701 2717 ·

345 2813 541 2890 quare
573 2803 708 2864 tota
733 2794 866 2886 ejus
897 2794 1170 2887 syntaxis
1201 2805 1496 2887 corrupta
1531 2796 1627 2865 sit
1692 2797 1913 2890 Itaque
1938 2796 2229 2886 cognitae
2252 2808 2400 2866 sunt
2423 2817 2605 2866 com-

346 2900 690 2993 positiones
737 2901 916 2981 istae,
961 2922 1118 2993 quas
1149 2898 1677 2993 Karmad‘firqia‚
1712 2902 2215 2973 Determinativd
2254 2902 2603 2987 nominant,

339 3004 568 3099 quibus
623 3004 994 3075 attributum
1053 3027 1200 3073 cum
1271 3006 1524 3077 nomine
1591 3007 1671 3079 ad
1740 3032 1931 3079 unam
2000 3014 2223 3079 vocem
2281 3008 2605 3099 jungitur=

343 3110 792 3203 divjakumma
831 3142 919 3172 --·-
967 3113 1244 3183 coelestis
1283 3115 1428 3205 flos.
1519 3118 1594 3185 ln
1642 3137 1769 3206 quo
1816 3113 2011 3183 Indos
2056 3112 2281 3183 divitiis
2326 3112 2453 3183 suis
2482 3110 2604 3183 ab·

341 3240 512 3299 usos,
557 3218 964 3312 linguamque
1011 3229 1084 3288 ut
1127 3218 1390 3287 humum
1437 3220 1812 3289 orientalem
1846 3219 2277 3290 luxuriare-ab
2308 3215 2605 3288 omnibus

333 3323 670 3417 judicatur.
761 3325 932 3395 Talia
979 3323 1314 3396 verborum
1363 3325 1540 3419 qnasi
1586 3335 1865 3395 monstra
1882 3376 1901 3406 ‚
1946 3325 2153 3419 qualia
2200 3322 2365 3418 apud
2412 3322 2607 3393 Indos

344 3430 688 3501 invenimus
733 3453 860 3499 non
907 3439 1036 3499 tam
1081 3429 1484 3514 animalibus,
1541 3454 1707 3525 quae
1766 3432 1987 3501 firmae
2032 3430 2285 3502 unitatis
2328 3428 2607 3523 speciem

345 3558 500 3629 prae
543 3560 614 3605 se
661 3537 888 3618 ferant,
934 3558 1124 3630 quam
1169 3537 1391 3630 plantis
1433 3538 1566 3607 istis
1599 3537 1833 3631 similes
1862 3547 2031 3619 sunt,
2078 3558 2241 3629 quae
2286 3544 2362 3604 ut
2392 3533 2607 3604 dicunt

341 3642 809 3736 proliferatione
867 3641 1136 3735 quadam
1191 3642 1258 3712 in
1315 3642 1629 3713 infinitum
1684 3653 1972 3713 crescant
2029 3641 2347 3736 modoque
2402 3642 2605 3731 magis

343 3749 724 3839 anorganico
795 3745 1152 3817 dilabantur
1207 3770 1329 3817 nec
1383 3758 1590 3819 certas
1660 3771 1735 3818 ac
1796 3749 2005 3818 firmas
2059 3746 2411 3841 praebeant
2466 3748 2603 3817 sor-

344 3860 588 3923 'marum
657 3853 984 3944 imagines.
1097 3854 1484 3949 Compositio
1563 3855 1751 3925 etiam
1830 3854 2121 3924 habenda
2189 3862 2329 3935 est,
2406 3874 2605 3948 quum

347 3958 556 4029 dicant
618 3962 671 4029 F
675 3960 852 4029 enni:
955 3962 1162 4032 Kulta
1207 3965 1432 4052 pitiana·
1489 3992 1578 4023 --·---
1638 3984 1877 4031 aureus
1932 3962 2035 4030 sol
2088 3958 2339 4052 proprie
2400 3959 2604 4029 Gold-

346 4065 610 4134 Somm-
673 4067 1071 4161 Quamquam
1108 4067 1164 4135 F
1167 4067 1312 4136 enni
1357 4066 1594 4137 habent
1640 4066 1923 4160 proprias
1970 4066 2421 4157 adjectivorum
2468 4065 2606 4133 sor-

343 4192 496 4239 mas.
587 4168 716 4239 Sed
765 4172 968 4241 Sinica
1009 4169 1178 4263 ‘stny
1216 4168 1338 4263 Ἱῖη
1393 4174 1478 4257 (4
1503 4195 1580 4254 c‚.
1624 4178 1657 4242 1
1684 4179 1757 4259 s)
1802 4172 2145 4265 composita
2200 4192 2331 4240 non
2381 4168 2606 4239 habeo.

347 4278 537 4359 Quae
587 4285 800 4347 utrum
845 4282 1194 4349 vertamus:
1242 4291 1498 4349 sanctus
1543 4279 1769 4358 homo,
1816 4300 1928 4347 ant
1988 4275 2347 4347 sanctitatis
2392 4276 2606 4354 homo,

345 4382 488 4453 nihil
536 4400 796 4475 prorsus
841 4382 1130 4454 interest.
1186 4383 1588 4455 Nam‘Sinae
1633 4382 1697 4452 id
1742 4392 1991 4453 tantum
2034 4382 2339 4462 sentiunt,
2382 4402 2607 4451 vocem

337 4486 456 4582 ‘fin
499 4491 692 4560 homo
737 4511 896 4563 voce
937 4485 1100 4577 ‘siny
1143 4498 1214 4556 ut
1261 4488 1560 4560 attributo
1605 4488 1874 4573 definiri,
1916 4486 2085 4583 quod
2133 4487 2441 4580 positione
2487 4510 2606 4557 vo-
