3225 5259
1675 306 1761 374 48

598 501 906 592 genitivus
962 509 1070 570 aut
1129 500 1540 570 nominativus
1597 501 1803 579 solus,
1860 498 1973 568 sed
2030 523 2249 569 omnes
2308 523 2485 570 casus
2546 499 2729 568 simul
2778 509 2849 570 ut

600 631 820 677 omnes
877 606 1050 677 verbi
1116 609 1350 677 formae
1409 631 1534 675 uno
1591 605 1947 698 eodemque
2003 607 2303 700 temporis
2360 616 2685 676 momento
2732 630 2848 676 ea-

601 714 874 808 demque
922 714 1107 783 animi
1153 715 1212 783 vi
1257 723 1446 806 atque
1495 714 1811 782 creatione
1860 722 2006 781 sunt
2054 711 2268 782 creati.
2360 711 2649 805 Aegyptii
2697 735 2847 782 vero

601 821 836 903 nullum
887 827 1258 890 creaverunt
1304 841 1535 897 casum,
1583 816 1694 886 sed
1742 821 2103 906 generalem
2150 829 2427 901 tantum,
2474 841 2636 911 quae
2686 821 2847 888 casi-

591 927 720 998 bus
765 927 1053 1007 el'flcitur‚
1099 925 1472 995 relationem
1521 923 1839 993 denotant.

779 1041 868 1102 At
933 1034 1020 1102 sic
1086 1033 1274 1100 etiam
1341 1033 1604 1100 sortasse
1676 1032 1894 1125 Coptis
1964 1031 2248 1123 injuriam
2330 1031 2627 1110 facimus;
2708 1033 2847 1100 nam

604 1141 666 1208 in
711 1141 963 1233 antiqua
1022 1139 1582 1232 hieroglyphorum
1641 1137 1853 1228 lingua
1912 1137 2061 1207 illud
2112 1153 2167 1208 N
2222 1139 2471 1223 minime
2527 1147 2656 1206 tam
2715 1139 2847 1208 sre-

603 1255 875 1338 quenter
931 1245 1238 1314 invenitur
1307 1268 1496 1338 quam
1563 1244 1623 1311 in
1685 1243 1957 1335 Coptica.
2052 1245 2253 1313 Immo
2310 1245 2617 1336 genitivus
2680 1243 2849 1313 nullo

603 1351 940 1428 denotetur
987 1352 1192 1441 signo;
1239 1375 1292 1419 v.
1327 1375 1387 1441 g.
1435 1351 1611 1420 smc‘fk
1658 1366 1727 1418 tu
1770 1349 1950 1417 h‘siri
1984 1350 2283 1441 justificas
2330 1340 2589 1421 verbum
2640 1350 2849 1420 Osiri-

605 1445 718 1527 dis.
767 1459 1062 1551 (Lepsius
1093 1457 1510 1527 Todtenbuch
1545 1479 1596 1526 c.
1634 1459 1735 1524 18.
1768 1479 1853 1533 a.;
1900 1455 2014 1523 alia
2062 1458 2353 1548 exempla
2400 1457 2562 1552 apud
2612 1458 2848 1527 Cham-

605 1564 837 1656 pollion
886 1565 1256 1656 grammaire
1289 1559 1681 1655 Egyptie'nne
1715 1586 1776 1654 p.
1814 1565 2010 1648 1913.
2085 1564 2347 1657 Saepius
2394 1576 2627 1646 autem,
2674 1574 2745 1632 ut
2789 1564 2851 1632 in

609 1671 864 1763 Coptica
913 1671 1143 1761 lingua,
1190 1670 1500 1737 invenitur
1545 1684 1619 1738 ‘n
1651 1679 1717 1737 et
1744 1683 1857 1738 ἠι.
1937 1666 2065 1736 Sed
2100 1670 2254 1739 haec
2284 1671 2539 1739 relativa
2573 1670 2853 1750 minime,

609 1784 680 1845 ut
724 1777 930 1846 Schw.
978 1778 1128 1856 vult,
1175 1777 1230 1845 vi
1277 1777 1622 1869 possessiva
1680 1784 1827 1845 sunt
1883 1773 2182 1868 praedita.
2274 1777 2433 1846 Nam
2481 1778 2683 1870 ipsum
2730 1776 2853 1845 de-

607 1881 1081 1951 monstrativum
1125 1899 1252 1963 PA,
1297 1881 1469 1977 quod
1517 1881 1683 1950 dem.
1716 1905 1981 1974 possess.
2028 1882 2351 1950 nominant
2398 1893 2463 1954 et
2506 1893 2683 1953 recte
2723 1884 2855 1961 „hic

607 1988 815 2079 ρίαν,
863 1988 956 2057 vel
1014 1989 1164 2068 „hies
1213 1991 1326 2079 qui
1363 1990 1637 2080 pertinet
1684 1990 1804 2055 ad“
1858 1995 2131 2067 vertunt,
2178 1977 2239 2055 in
2275 1989 2698 2084 hieroglypbis
2730 2011 2853 2080 ge·

611 2095 778 2164 nitivi
825 2095 1002 2185 signo
1039 2093 1343 2185 jungitur.
1430 2095 1773 2186 Compares
1818 2094 2037 2183 igitur:
2083 2109 2178 2167 ΡΑ
2214 2110 2491 2169 PAYLOS
2532 2099 2631 2168 hic
2662 2097 2857 2166 Pauli

483 2255 490 2262 .
613 2222 754 2268 cum
802 2200 958 2268 hier.
1001 2201 1168 2290 p‘nti
1211 2204 1332 2270 ηὲὸ
1391 2201 1488 2269 bic
1545 2200 1652 2294 qui
1712 2199 2001 2269 dominus
2046 2201 2281 2269 ahio
2338 2202 2566 2272 domini
2614 2237 2699 2271 ,τ
2748 2202 2857 2296 qui

611 2305 886 2399 pertinet
931 2305 1006 2374 ad
1054 2307 1338 2386 Paulum,
1387 2306 1462 2375 ad
1511 2307 1852 2375 dominum.
1899 2313 1941 2373 ᾶ
1982 2307 2137 2374 n‘ha
2170 2309 2359 2378 taim‘
2400 2313 2609 2402 natfe,
2666 2334 2703 2378 o
2748 2331 2855 2402 sy·

612 2435 864 2481 comore
920 2413 1078 2481 haec
1134 2437 1294 2508 quae
1337 2415 1524 2483 Natse
1586 2415 1624 2483 i.
1670 2437 1727 2482 e.
1775 2435 2097 2506 sycomore
2146 2413 2321 2483 haec·
2358 2415 2572 2502 (deae)
2618 2417 2856 2486 Natses.

615 2520 907 2612 (Champ.
955 2543 1015 2612 p.
1063 2523 1244 2607 306.)
1338 2523 1438 2590 Ex
1495 2521 1589 2589 his
1651 2521 1865 2589 formis
1913 2521 2241 2612 Copticum
2300 2522 2857 2592 demonstrativum

618 2627 1034 2718 possessivum
1062 2636 1160 2697 est
1181 2637 1516 2696 curtatum.
1566 2629 1787 2721 Itaque
1820 2627 2179 2719 saepissime
2208 2632 2264 2698 N
2286 2628 2455 2696 nullo
2490 2629 2683 2709 modo
2715 2652 2857 2698 cum

615 2733 886 2822 genitivo
924 2732 1102 2823 jungi
1150 2742 1382 2825 potest,
1429 2743 1498 2802 ut
1519 2733 1649 2825 jam
1680 2733 1931 2825 saepius
1963 2733 2245 2813 vidimus,
2291 2735 2629 2827 praecipue
2662 2757 2858 2829 quum

613 2839 873 2909 relativo
903 2841 960 2911 N
979 2837 1346 2930 adjectivum
1379 2839 1454 2908 ad
1481 2843 1711 2930 nomen
1736 2841 2081 2920 reseratum
2129 2865 2181 2909 v.
2197 2863 2257 2930 g.
2284 2856 2377 2913 OY
2412 2844 2595 2912 Rom
2628 2843 2686 2910 N
2732 2849 2863 2913 ΟΖἹ

615 2943 783 3037 quod
828 2945 1011 3015 vertit
1059 2946 1266 3014 Schw.
1313 2952 1401 3040 (p.
1441 2948 1641 3032 1393)
1689 2948 1789 3016 ein
1823 2949 2081 3017 Mensch
2126 2949 2384 3018 welcher-
2420 2950 2657 3038 Βρίγας]
2701 2947 2763 3032 (i.
2802 2970 2860 3015 e.

616 3051 720 3143 qui
772 3048 1000 3120 fraudis
1047 3075 1132 3120 sc.
1179 3059 1322 3138 est).
1399 3052 1528 3122 Sed
1573 3077 1767 3146 quum
1800 3055 2020 3123 Matth.
2053 3056 2131 3134 V,
2162 3057 2247 3121 45
2297 3055 2705 3145 legamus-NI
2734 3062 2864 3124 ΟΖἹ

613 3159 1014 3248 fraudulenti
1044 3159 1407 3246 (homines),
1455 3169 1590 3234 ΟΖἹ·
1624 3170 1721 3231 est
1752 3161 2118 3253 adjectivum
2150 3171 2217 3228 et
2244 3169 2495 3229 vertere
2528 3159 2861 3229 debemus:

616 3265 805 3332 homo
847 3268 1320 3356 fraudulentus.
1393 3271 1450 3336 N
1499 3277 1710 3336 autem
1757 3268 1983 3336 latinae
2030 3266 2299 3360 syllabae
2344 3291 2424 3334 us
2469 3275 2681 3359 partes
2712 3264 2861 3354 agit,

617 3370 826 3463 quoad
896 3371 1200 3440 ambobus
1271 3373 1643 3442 attributum
1704 3374 1778 3442 ad
1836 3373 2189 3465 subjectum
2260 3374 2553 3442 refertur.
2618 3373 2864 3454 'Quum

617 3487 830 3545 autem
877 3501 1095 3547 omnes
1140 3479 1366 3571 stirpes
1411 3503 1596 3549 verae
1644 3482 1766 3549 sint
1811 3481 2076 3558 radices,
2124 3503 2287 3573 quae
2332 3503 2528 3572 quum
2560 3478 2709 3546 nihil
2744 3477 2865 3546 de-

618 3581 774 3652 finiti
821 3583 1114 3665 habeant,
1161 3586 1368 3654 omnia
1415 3609 1552 3654 esse
1597 3587 1855 3679 possint,
1901 3589 1957 3657 Ν
1998 3585 2277 3654 adhiberi
2324 3598 2585 3654 necesse
2620 3594 2757 3654 erat
2787 3581 2866 3651 ad

619 3687 918 3780 adjectiva
979 3689 1320 3759 indicanda.
1423 3691 1723 3760 Attamen
1784 3695 1840 3762 Ν
1898 3715 2012 3789 per
2068 3715 2366 3761 sonorum
2414 3690 2867 3784 Aegyptiorum

617 3794 1066 3886 proprietatem
1115 3821 1238 3865 non
1281 3820 1428 3866 vere
1473 3821 1618 3866 cum
1668 3797 1859 3890 stirpe
1906 3799 2156 3877 coaluit,
2204 3821 2399 3892 quare
2448 3807 2513 3866 et
2559 3807 2704 3865 ante
2751 3794 2869 3864 ad-

613 3899 932 3990 jectivum,
979 3901 1147 3994 quod
1198 3925 1426 3971 nomen
1474 3914 1794 3996 sequatur,
1844 3916 1908 3974 et
1951 3916 2096 3998 post
2140 3905 2199 3972 id
2244 3906 2497 3998 ponitur
2530 3901 2695 3996 quod
2748 3925 2869 3969 no-

620 4029 762 4076 men
813 4007 1165 4077 antecedat.
1239 4011 1457 4092 Quare
1505 4009 1721 4080 dicunt
1764 4028 1859 4082 σΥ
1902 4017 2085 4084 Rom
2117 4015 2175 4082 N
2210 4021 2339 4083 ΟΖἹ
2368 4013 2555 4079 homo
2585 4011 2872 4100 fraudu·-

621 4116 824 4182 lemus
870 4124 936 4182 et
981 4130 1076 4186 OY
1109 4119 1319 4190 NIS‘TI
1351 4121 1410 4188 N
1446 4122 1689 4189 OYUINI
1741 4116 2118 4201 (secundum
2168 4118 2377 4186 Schw.
2434 4116 2537 4184 ein
2603 4115 2875 4185 Grosses

617 4221 872 4290 welches
917 4222 1126 4306 Licht)
1171 4246 1410 4314 maqna
1457 4225 1599 4306 luae,
1640 4239 1800 4297 HAN
1835 4231 2045 4296 NIS‘TI
2066 4225 2131 4295 M
2155 4222 2329 4294 MA‘S‘²
2368 4222 2607 4308 (Schw.
2654 4241 2873 4312 qrosse

617 4327 842 4396 welche
885 4329 998 4397 der
1041 4329 1341 4422 Haufen,
1387 4339 1497 4399 aut
1537 4355 1757 4421 yrosse
1800 4331 2033 4400 welche·
2066 4331 2357 4422 Hausm)
2416 4349 2685 4419 magnae
2729 4335 2872 4396 tur-

621 4431 758 4502 bae.
851 4436 924 4504 ln
971 4435 1086 4506 bac
1133 4436 1803 4530 nostra·explicatione
1846 4436 2090 4531 -duplex
2153 4435 2453 4506 articulus
2513 4457 2637 4503 non
2688 4431 2863 4502 desi-
