3225 5259
1748 359 1833 424 36

657 549 878 632 audivi,
911 549 996 620 ‘ci
1041 551 1141 620 hic
1189 545 1326 620 esse
1374 549 1780 620 referendum
1826 550 1906 619 ad
1938 551 2289 642 subjectum
2322 549 2713 620 indefinitum
2744 548 2917 643 quod

656 658 716 726 in
764 659 957 727 verbo
1005 670 1108 727 sin
1156 672 1417 727 evocant
1451 657 1677 748 jaceat.
1753 658 1843 726 At
1886 659 2037 726 mihi
2082 658 2335 751 quidem
2384 656 2653 735 videtur,
2693 654 2771 725 ‘ci
2814 657 2922 726 hic

660 787 798 833 esse
833 763 1401 858 interpretandum:
1433 765 1568 841 hos,
1599 772 1671 830 ut
1704 763 1764 831 in
1792 761 1868 832 ‘ci
1916 755 1988 852 cg)
2036 769 2101 849 (1
2133 788 2191 844 e,
2222 771 2289 849 ο)
2320 767 2474 834 haec
2500 765 2658 859 filia.
2724 762 2923 845 Quod

657 871 1072 963 parallelismo
1117 869 1356 940 articuli
1406 867 1838 944 antecedentis
1896 870 2337 962 comprobatur
2377 868 2515 939 ‘cdo
2554 874 2632 960 pi
2676 871 2763 937 lm
2812 871 2923 938 lad

661 979 820 1062 (411,
851 1001 918 1060 x,
951 1002 1007 1070 y,
1039 982 1134 1062 z),
1191 983 1451 1044 evocant
1508 977 1657 1043 illos
1713 999 1905 1044 senes.
1999 978 2199 1066 Magis
2257 977 2485 1044 mirum
2544 974 2786 1044 videtur
2842 973 2921 1044 ‘ci

661 1085 830 1150 inter
875 1081 1138 1151 verbum
1185 1092 1250 1150 et
1297 1082 1614 1173 objectum
1664 1081 1965 1149 insertum
2018 1082 2077 1149 in
2128 1081 2285 1151 libro
2334 1081 2505 1150 Schu
2540 1082 2689 1171 king
2721 1084 2835 1167 (11,
2875 1086 2926 1150 ὰ

662 1180 737 1278 cp)
781 1187 864 1258 ‘ci
905 1190 1010 1257 ko.
1057 1190 1114 1277 ἓ.
1162 1191 1253 1273 9.)
1298 1190 1387 1278 jst
1432 1189 1584 1256 hozia·
1622 1183 1700 1255 ‘ci
1748 1199 1857 1277 pei
1915 1191 1987 1272 (8
2013 1211 2074 1266 u,
2117 1189 2242 1268 Ze,
2289 1195 2321 1256 1
2350 1211 2410 1267 e,
2456 1189 2496 1254 3
2524 1187 2584 1272 s)
2644 1213 2754 1278 eqo
2812 1194 2924 1258 in-

662 1297 1096 1365 corde-servo
1143 1295 1523 1364 moestitiam
1581 1305 1647 1362 et
1702 1294 1764 1360 in
1824 1294 2277 1362 commentario
2314 1290 2429 1363 ‘Cu
2472 1293 2557 1362 Hi
2604 1293 2680 1362 ad
2725 1297 2927 1386 Meng

663 1404 753 1495 Cy
786 1404 836 1483 1,
872 1405 932 1482 1,
965 1403 1026 1468 3.
1074 1397 1146 1469 ἅτ’
1184 1396 1263 1467 ὀῖ
1311 1401 1357 1468 ἢ
1403 1403 1471 1484 (5
1499 1424 1554 1480 a,
1590 1403 1623 1467 1
1655 1422 1715 1480 e,
1748 1401 1787 1466 5
1812 1398 1907 1483 h),
1956 1420 2175 1466 amare
2218 1401 2553 1469 rationem.
2630 1400 2756 1468 Sed
2804 1401 2926 1469 ali-

663 1519 763 1577 ter
808 1529 948 1576 sese
993 1529 1097 1575 res
1143 1507 1367 1586 habet,
1427 1529 1622 1599 quum
1668 1505 1983 1596 objectum
2044 1503 2212 1597 quod
2272 1504 2487 1574 dicunt
2532 1505 2929 1588 indirectum,

628 1613 760 1682 «vel
807 1635 1036 1680 nomen
1094 1634 1236 1680 cum
1295 1611 1757 1704 praepositione
1818 1620 2115 1704 tanquam
2172 1609 2533 1680 adverbium
2593 1612 2931 1682 antecedat

663 1718 957 1787 verbum:
1006 1717 1144 1786 nam
1195 1730 1326 1786 tum
1370 1717 1447 1787 ‘ci
1493 1728 1637 1810 apte
1683 1727 1977 1810 tanquam
2025 1717 2455 1785 inhaerentiae
2502 1717 2747 1804 signum
2777 1716 2931 1803 (ad-

667 1825 966 1909 verbiale)
996 1825 1264 1917 positum
1299 1835 1426 1904 est;
1459 1849 1511 1893 v.
1544 1847 1605 1913 g.
1649 1821 1824 1914 ‘cenq
1855 1823 1974 1914 jesa
2008 1823 2097 1913 jic
2142 1820 2297 1891 k'iea
2335 1819 2413 1891 ‘ci
2458 1828 2597 1892 wen
2642 1826 2711 1908 (5
2727 1823 2930 1904 c‚3h‚

561 2023 566 2026 -
669 1931 773 2010 11,
806 1933 846 1997 5
875 1953 933 2009 e,
970 1937 1002 1996 1
1039 1953 1095 2009 e,
1129 1932 1168 1996 5
1196 1931 1292 2015 f),
1348 1932 1556 2023 itaque
1605 1930 1684 1997 de
1736 1932 1861 1998 Jeu
1906 1943 1961 1996 et
2006 1931 2174 1998 Kieu
2220 1930 2625 2019 quaesivisti!
2684 1969 2761 1980 —-
2822 1931 2933 1998 Ex

667 2035 955 2105 omnihus
1003 2035 1096 2103 his
1142 2036 1204 2103 id
1250 2036 1506 2127 intelligi
1555 2037 1719 2113 licet,
1763 2032 1841 2103 ‘ci
1889 2058 2027 2104 esse
2064 2036 2342 2104 attributi
2380 2035 2648 2126 signum,
2694 2058 2931 2130 quem-

627 2202 633 2212 .
669 2141 1006 2212 admodum
1041 2142 1339 2212 Sinenses
1388 2142 1752 2211 attributum
1800 2141 2165 2233 percipiant,
2216 2152 2287 2210 nt
2332 2143 2413 2210 sit
2443 2142 2691 2233 objecto
2722 2165 2930 2236 oppo-

669 2248 876 2317 situm.
969 2247 1100 2318 Sed
1155 2259 1402 2318 tantum
1460 2249 1670 2328 abest,
1728 2259 1800 2316 ut
1856 2247 2070 2315 dicere
2126 2247 2471 2339 possimus,
2540 2248 2931 2318 attributivas

671 2354 1263 2447 comprehensiones
1310 2355 1412 2422 illo
1465 2350 1536 2422 ‘ci
1580 2355 1639 2423 in
1692 2353 2159 2423 enunciationes
2207 2353 2491 2422 relativas
2534 2355 2801 2438 mutari,
2856 2365 2933 2423 ut

671 2460 874 2553 potius
922 2459 1428 2530 contendendum
1477 2460 1585 2538 sit,
1642 2461 1753 2528 has
1813 2460 1930 2529 illis
1989 2458 2455 2554 quodammodo
2519 2461 2931 2553 compensari.

675 2565 846 2650 Quid
893 2577 992 2637 est
1037 2569 1239 2645 enim,
1295 2565 1468 2660 quod
1526 2567 1886 2658 prohibeat,
1943 2567 2091 2660 quin
2155 2566 2304 2634 illud
2358 2563 2488 2657 ‘fin
2529 2563 2607 2634 ‘ci
2650 2581 2769 2636 wei
2815 2570 2925 2636 ῑάο

672 2677 739 2758 (1
767 2697 818 2754 s,
851 2696 909 2756 e,
941 2677 1068 2766 4p‚
1100 2680 1162 2758 v)
1211 2675 1312 2741 die
1355 2674 1546 2762 Reqel
1587 2675 1813 2740 welche
1858 2673 2339 2742 die-Menschen
2384 2675 2647 2741 macheu
2693 2673 2777 2741 ita
2825 2673 2931 2740 in-

675 2789 1118 2872 terpretemur,
1164 2779 1490 2860 hominum
1515 2781 1697 2869 facta
1729 2780 1881 2847 lex?
1925 2777 2020 2846 vel
2070 2780 2150 2846 ab
2182 2779 2541 2846 hominibus
2564 2782 2746 2870 facta
2776 2780 2933 2847 lex?

675 2887 834 2954 Nam
869 2885 1161 2954 Sinenses
1205 2905 1384 2952 veras
1435 2884 1901 2953 enunciationes
1948 2884 2232 2952 relativas
2280 2885 2549 2952 formare
2582 2905 2707 2951 non
2741 2907 2933 2975 posse

677 3000 742 3060 et
787 2991 902 3061 alia
947 3014 1202 3085 quoque
1248 2991 1639 3083 pronomina,
1686 3014 1849 3084 quae
1897 2991 2153 3059 relativa
2204 2989 2617 3071 nominantur,
2664 3013 2737 3058 re
2782 3013 2932 3060 vera

676 3119 814 3166 esse
861 3097 1346 3167 demonstrativa
1401 3097 1560 3166 infra
1624 3097 2057 3164 demonstrare
2115 3096 2498 3165 conabimur.
2590 3096 2717 3164 Hic
2764 3097 2933 3166 enim

677 3203 971 3297 simplicis
1021 3203 1470 3273 enunciationis
1514 3202 1675 3270 fines
1724 3201 2038 3270 excedere
2088 3202 2295 3270 nolim.
2384 3203 2603 3284 Quare
2638 3202 2933 3270 nonnulla

679 3321 942 3392 tantum,
987 3333 1150 3402 quae
1197 3309 1256 3376 in
1305 3309 1560 3402 simplici
1611 3308 2044 3376 enunciatione
2093 3321 2451 3387 occurrunt,
2500 3308 2743 3378 addam.

856 3416 1041 3508 Apud
1087 3414 1472 3484 recentiores
1519 3414 1816 3484 Sinenses
1864 3419 1911 3482 εἴ
1953 3419 2021 3498 (5
2049 3421 2119 3503 g)
2175 3417 2359 3508 plane
2422 3414 2687 3483 eandem
2742 3414 2935 3484 hahet

681 3522 830 3604 vim,
898 3545 1084 3616 quam
1155 3520 1318 3613 apud
1385 3528 1635 3590 veteres
1700 3517 1781 3589 ‘ci
1810 3572 1827 3599 ‚
1910 3530 1976 3589 et
2058 3521 2319 3588 sortasse
2392 3519 2543 3589 illud
2625 3520 2767 3588 huic
2836 3532 2937 3588 est

680 3639 1037 3720 cognatum.
1130 3630 1292 3695 Nam
1353 3625 1679 3694 verisimile
1738 3625 2013 3702 videtur,
2072 3649 2289 3695 vocem
2342 3621 2425 3693 “ci
2486 3650 2680 3718 quum
2737 3626 2935 3716 magis

679 3737 1004 3827 magisque
1049 3732 1112 3800 in
1171 3732 1377 3801 animo
1423 3731 1779 3802 Sinensium
1835 3733 1954 3800 vim
2012 3731 2560 3801 demonstrativam
2617 3732 2938 3802 amitteret

682 3849 749 3907 et
793 3862 916 3908 vox
960 3838 1148 3907 fieret
1195 3838 1464 3906 formalis
1511 3847 1701 3931 atque
1750 3838 2133 3931 copulativa,
2186 3861 2407 3908 sonum
2468 3838 2653 3906 etiam
2704 3837 2935 3910 debili-

680 3954 867 4026 tasse,
914 3945 1191 4036 vocalem
1235 3943 1631 4036 corripuisse,
1680 3954 2127 4013 consonantem
2174 3944 2502 4035 palatalem
2544 3945 2603 4011 in
2639 3944 2933 4014 leviorem

682 4051 993 4120 dentalem
1040 4062 1335 4120 mutasse.
1409 4050 1657 4118 Certius
1690 4059 1900 4119 autem
1942 4039 2089 4119 mihi
2138 4048 2351 4119 videor
2400 4051 2660 4144 opinari,
2707 4075 2937 4144 quam-

683 4161 770 4226 vis
817 4158 894 4227 sit
939 4157 1368 4227 difficillimum
1417 4156 1495 4224 de
1543 4159 1744 4248 primo
1794 4157 2141 4225 Sinicarum
2188 4179 2408 4224 vocum
2469 4167 2679 4249 etymo
2740 4169 2933 4226 ratam

683 4287 1056 4356 expromere
1124 4261 1544 4344 sententiam,
1618 4259 1835 4332 vocem
1888 4259 1968 4356 ‘ci
2027 4286 2062 4331 e
2109 4261 2191 4330 k'i
2246 4263 2328 4348 (2
2354 4263 2434 4347 b)
2504 4274 2704 4331 ortam
2776 4286 2937 4332 esse.

684 4369 927 4452 Quodsi
995 4378 1236 4438 rectum
1309 4379 1448 4448 est,
1549 4368 1918 4462 Tybeticum
1990 4368 2247 4459 genitivi
2314 4369 2571 4438 affixum
2642 4367 2741 4459 1ch
2796 4368 2941 4438 huic

680 4475 889 4545 Sinico
934 4475 1017 4545 k'i
1063 4498 1202 4545 esse
1250 4485 1607 4566 cognatum.
1660 4499 1799 4545 eam
1846 4475 2033 4545 etiam
2079 4487 2387 4548 servatam
2438 4473 2745 4544 hahemus
2792 4475 2933 4544 sor-

2452 4579 2475 4606 ὁ
