3225 5259
1565 335 1604 401 7

451 527 718 616 ganismi
775 529 1048 599 maxime
1107 537 1322 598 antem
1377 528 1566 598 animi
1622 529 1973 622 preprium,
2030 531 2411 624 philologiae
2468 537 2701 624 partes,

449 643 522 702 ut
565 643 714 704 sunt
757 633 1011 719 divisae,
1059 633 1148 704 ita
1191 632 1384 704 etiam
1429 636 1554 704 sint
1596 637 2111 728 comprehensae.

627 740 726 810 Ex
771 739 1062 811 omnibus
1108 748 1319 810 autem
1366 739 1498 808 istis
1545 739 1703 810 ideis
1748 744 2021 814 maxime
2066 767 2143 813 ea
2176 745 2512 839 separatim
2541 767 2699 814 con-

449 844 782 916 sideranda
823 845 1100 926 videtur,
1157 869 1324 939 quae
1371 848 1663 941 loquendi
1710 849 1990 918 facultati
2035 861 2136 920 est
2180 850 2381 922 insita.
2474 851 2699 944 ltaque

447 951 802 1040 linguarum
849 952 1152 1022 scientiae
1201 976 1342 1024 esse
1387 955 1534 1024 mihi
1581 955 1828 1024 videtur
1872 955 2335 1028 demonstrare:
2382 954 2697 1051 quomodo

449 1057 636 1127 variis
683 1059 873 1128 totius
919 1058 1172 1150 generis
1215 1059 1470 1130 humani
1519 1060 1747 1150 linguis
1776 1061 2076 1132 orationis
2122 1062 2285 1143 idea,
2328 1084 2493 1157 quae
2524 1083 2698 1132 sem-

442 1187 558 1256 per
603 1174 829 1236 natura
875 1187 950 1234 ac
993 1164 1048 1232 vi
1095 1164 1182 1233 sit
1223 1189 1368 1246 una,
1417 1167 1600 1236 variis
1648 1166 1845 1236 modis
1892 1178 1958 1238 et
2004 1169 2221 1238 formis
2270 1167 2347 1238 ad
2394 1167 2695 1238 effectum

447 1269 530 1338 sit
571 1269 905 1362 perducta,
965 1294 1040 1340 ac
1095 1269 1244 1363 quid
1303 1272 1560 1342 tandem
1606 1273 1815 1342 omnia
1862 1295 1978 1366 per
2036 1286 2321 1367 tempora
2371 1296 2567 1368 usque
2616 1271 2697 1345 ad

443 1387 656 1444 nostra
699 1377 994 1471 consequi
1044 1377 1329 1447 valuerit.
1377 1419 1460 1430 -

623 1484 848 1575 ltaque
895 1482 1058 1552 duae
1106 1483 1250 1551 illae
1296 1483 1761 1576 philologorum
1817 1485 2201 1566 functiones,
2258 1485 2694 1582 interpretatio

445 1598 512 1658 et
555 1588 750 1669 crisis,
799 1612 1020 1659 eorum
1067 1589 1260 1660 etiam
1305 1598 1471 1669 sunt,
1516 1589 1623 1682 qui
1670 1590 1917 1681 linguas
1964 1592 2408 1684 pervestigent.
2480 1593 2693 1684 Atque

443 1693 960 1786 interpretatione
1007 1695 1263 1788 quidem
1309 1718 1499 1764 omne
1546 1696 1903 1784 linguarum
1952 1698 2338 1767 elementum
2384 1695 2533 1790 quid
2578 1690 2693 1766 v'a-
2735 1723 2739 1730 ·

441 1799 574 1869 leat
615 1808 714 1869 est
757 1798 1216 1879 definiendum:
1259 1801 1432 1871 crisis
1481 1811 1695 1870 autem
1740 1803 1803 1870 in
1862 1802 2282 1895 comparando
2340 1801 2541 1894 posita
2598 1813 2695 1872 eat

441 1913 632 1998 atque
669 1903 1034 1996 judicando.
1128 1907 1332 1977 Unam
1377 1906 1512 1978 sine
1559 1905 1761 1976 altera
1806 1907 1955 1978 nihil
2003 1908 2315 2002 proficere
2362 1907 2424 1977 in
2470 1917 2692 2000 aperto

441 2020 557 2080 est.
648 2011 906 2082 Nullum
952 2011 1206 2102 linguae
1253 2013 1639 2082 elementum
1683 2035 1835 2082 vere
1881 2011 2282 2107 interpretari
2340 2034 2691 2108 possumus,

440 2116 554 2187 nisi
599 2116 922 2188 historiam
967 2117 1102 2209 ejus
1147 2119 1442 2189 novimus.
1537 2119 1749 2200 Quam
1808 2142 1887 2189 eo
1930 2129 2173 2190 tantum
2234 2118 2479 2190 discere
2524 2119 2691 2200 licet,

437 2221 608 2317 quod
663 2224 1026 2294 testimonia
1083 2225 1532 2304 conseruntur,
1599 2247 1765 2318 quae
1832 2225 2036 2317 ipsum
2092 2225 2244 2295 illud
2300 2225 2483 2295 variis
2540 2227 2689 2307 suit,

437 2351 596 2423 quas
638 2329 700 2398 in
746 2330 931 2399 variis
977 2330 1364 2422 temporibus
1411 2341 1478 2398 et
1521 2329 1752 2420 linguis
1796 2329 2017 2410 induit,
2063 2331 2239 2402 dedit
2283 2331 2513 2400 formis.
2560 2333 2687 2402 At-

437 2457 562 2527 que
609 2434 689 2505 ad
735 2433 994 2528 quodvis
1041 2435 1296 2526 linguae
1343 2435 1743 2522 elementum*
1776 2436 2257 2528 intelligendum
2300 2438 2687 2528 consangui-

437 2561 702 2610 nearum
759 2540 1174 2612 dialectorum
1231 2540 1621 2632 comparatio
1679 2541 2051 2636 pleru‘mque
2106 2541 2467 2613 satisfaciet.
2558 2541 2687 2614 Sed
2744 2613 2753 2624 ,

435 2646 486 2716 si
529 2647 806 2766 quaeris,
849 2658 1066 2718 utrum
1105 2668 1587 2765 nonnunquam,
1634 2670 1829 2740 quum
1876 2647 2383 2738 consanguineae
2430 2647 2685 2740 linguae

435 2754 782 2846 comparari
829 2778 956 2823 non
1003 2755 1274 2863 possint,
1333 2753 1462 2823 sive
1519 2752 1665 2846 quia
1722 2775 1851 2823 non
1910 2755 2063 2836 sint,
2121 2753 2250 2824 sive
2306 2756 2453 2849 quia
2510 2765 2684 2825 certo

433 2857 682 2930 cuidam
741 2860 1062 2930 elemento
1119 2857 1536 2952 propinquum
1593 2882 1721 2928 non
1778 2858 2089 2939 habeant,
2158 2867 2269 2928 aut
2322 2883 2515 2955 quum
2576 2861 2681 2930 in-

432 2965 672 3036 teriora
750 2964 1062 3059 quaedam
1142 2986 1216 3035 ac
1291 2963 1486 3082 magis
1566 2965 1887 3037 recondita
1965 2965 2169 3036 studia
2251 2989 2682 3050 exerceamus,

429 3071 718 3164 linguas
741 3094 901 3167 quae
962 3071 1158 3161 magis
1225 3069 1502 3140 minusve
1569 3072 1735 3141 inter
1812 3095 1883 3141 se
1948 3073 2071 3142 sint
2133 3071 2420 3155 alienae,
2496 3073 2683 3144 liceat

279 3167 300 3184 '
431 3179 839 3273 comparare?
897 3175 1173 3248 concedo
1187 3229 1207 3257 ,
1262 3175 1600 3248 dummodo
1648 3179 1917 3247 maxima
1974 3177 2085 3246 flat
2128 3177 2681 3272 circumspectione

429 3291 620 3381 atque
665 3285 970 3356 cantione.
1057 3285 1222 3352 Nam
1267 3305 1643 3377 quamquam
1693 3305 1915 3352 omnes
1958 3282 2201 3374 linguas
2258 3305 2341 3353 ex
2386 3305 2513 3354 una
2562 3307 2679 3354 ea-

429 3391 704 3486 demque
747 3389 960 3483 lingua
1005 3398 1174 3460 ortas
1220 3389 1532 3482 principali
1579 3388 1765 3459 hodie
1805 3388 2057 3483 quidem
2088 3411 2207 3460 nee
2236 3389 2529 3460 contendi
2562 3411 2680 3461 nee

429 3497 650 3589 negari
694 3521 878 3591 posse
924 3495 1189 3576 videtur,
1233 3495 1526 3590 quoniam
1569 3495 1863 3588 plurimas
1919 3493 2167 3585 linguas
2210 3495 2413 3566 adhuc
2457 3517 2677 3588 parum

430 3603 802 3697 perscrutati
847 3624 1094 3672 sumus:
1149 3609 1424 3672 attamen
1469 3600 1534 3671 id
1577 3601 1829 3696 quidem
1875 3622 2093 3671 omnes
2138 3600 2491 3692 linguarum
2534 3610 2675 3672 stu-

429 3709 632 3780 diosos
680 3707 1030 3781 admonitos
1074 3705 1280 3789 velim,
1325 3717 1396 3776 ut
1437 3707 1687 3801 penitus
1732 3706 1945 3777 anirnis
1990 3705 2215 3776 nostris
2260 3715 2326 3777 et
2364 3705 2677 3778 mentibus

428 3815 798 3887 mandemus
843 3813 1014 3908 quod
1057 3813 1138 3884 ab
1183 3812 1627 3894 Humboldtio‚
1684 3813 2019 3884 clarissimo
2069 3813 2346 3884 omnium
2390 3821 2674 3884 nostmm

427 3931 862 4017 praeceptore,
905 3921 1228 4013 praeclare
1275 3930 1373 3992 est
1417 3921 1669 4000 dictum,
1716 3919 1959 3991 firmam
1990 3943 2127 3992 esse
2156 3920 2482 4003 rationem,
2526 3941 2673 3990 cer-

431 4036 684 4122 tamque
730 4028 1084 4117 linguarum
1128 4025 1313 4098 studii
1352 4027 1661 4118 regulam,
1706 4037 1781 4096 ut
1827 4026 2068 4098 tamdiu
2106 4049 2296 4120 quam
2335 4025 2671 4120 poterimus

319 4219 322 4222 ⁴
430 4134 708 4204 omnium
739 4133 1116 4224 linguarum
1183 4153 1641 4226 persequamur
1706 4133 2145 4204 cohaerentiae
2215 4131 2493 4224 vestigia.
2580 4130 2673 4200 At

429 4239 756 4311 confundis
802 4240 1060 4338 linguas.
1150 4238 1426 4311 Minime.
1519 4238 1590 4309 ld
1652 4239 1815 4310 enim
1876 4237 2258 4329 potissimum
2312 4248 2413 4308 est
2464 4234 2669 4307 consi-

431 4346 581 4417 lium
625 4353 906 4416 nostrum
951 4369 1146 4440 quum
1190 4345 1432 4437 linguas
1477 4367 1943 4438 comparemus,
1996 4367 2125 4414 non
2184 4353 2256 4413 ut
2298 4342 2513 4414 similia
2554 4343 2669 4416 co*

431 4473 830 4546 gnoseamus,
872 4450 988 4522 sed
1017 4450 1342 4534 dissimilia,
1383 4471 1510 4522 non
1540 4459 1616 4520 ut
1644 4449 2117 4533 confundamus,
2164 4449 2664 4544 permisceamus,
