3225 5259
1585 311 1715 382 ‘44

543 508 690 578 locis
737 517 978 578 tantum
1023 507 1150 576 suis
1195 507 1356 578 banc
1399 506 1512 576 sibi
1557 506 1987 599 arrogaverint
2022 509 2145 578 vim
2178 510 2513 580 relativam.
2574 511 2795 592 Quare

542 615 722 684 sicuti
779 617 1004 688 PS‘XRI
1035 617 1097 687 M
1127 616 1308 687 ΡἸόΤ
1337 619 1426 706 (p.
1461 615 1662 700 1684)
1710 616 1962 708 proprie
2010 613 2157 683 nibil
2206 614 2375 684 aliud
2421 625 2518 686 est
2562 638 2667 685 ac:
2709 617 2793 709 fi·
2831 652 2837 658 ·

543 721 669 790 lius
716 721 829 811 qui
869 735 1068 811 paler,
1113 719 1340 814 quibus
1385 719 1645 789 vocibus
1691 721 1995 814 appositio
2028 727 2121 814 (p.
2147 723 2347 808 1760)
2378 721 2577 811 magis
2606 743 2795 814 quam

542 826 850 916 genitivus
895 825 1216 907 indicatur,
1261 826 1346 896 ita
1409 829 1633 900 PS‘A'RI
1666 829 1820 901 NTE
1864 834 2044 902 ΡἹδΤ
2090 827 2273 896 etiam
2323 851 2449 896 non
2506 838 2603 896 est
2646 825 2797 896 nisi:

535 933 710 1026 filius
755 956 926 1002 unus
985 934 1086 1002 hic
1139 947 1353 1023 pater,
1415 956 1527 1024 pro
1579 935 1809 1022 patris.
1902 937 1998 1002 Ac
2052 935 2235 1026 plane
2289 933 2445 1004 item
2503 955 2644 1020 sese
2688 955 2797 1002 res

541 1037 752 1118 babet,
800 1062 992 1132 quum
1035 1041 1190 1112 NTE
1221 1038 1510 1108 'dativum
1557 1039 1847 1108 denotet:
1894 1055 2292 1114 AYHOLMEF
2325 1042 2479 1114 NTE
2524 1043 2797 1112 ΡΕῙΞἿόΤ

499 1149 514 1172 “
539 1160 1075 1236 rapuerunt-eum
1118 1169 1322 1214 unum
1351 1145 1520 1214 hunc
1540 1159 1745 1235 pater,
1790 1170 1935 1238 pro:
1959 1148 2159 1236 patri.
2233 1146 2539 1240 Idemque
2572 1147 2631 1214 in
2664 1147 2793 1214 Se-

541 1251 759 1320 miticis
805 1275 1060 1345 quoque
1107 1250 1330 1342 linguis
1377 1273 1516 1320 esse
1565 1251 1905 1345 exprobrat
1948 1254 2386 1323 Schwartzius.

722 1359 906 1440 Quae
954 1358 1267 1427 accusatio
1314 1368 1440 1426 tam
1489 1357 1645 1426 dura
1690 1358 1839 1426 mihi
1886 1358 2166 1440 videtur,
2224 1383 2347 1448 qua
2396 1358 2609 1428 durior
2656 1380 2795 1426 esse

541 1474 752 1556 potest
797 1463 978 1532 nulla.
1070 1465 1232 1532 Nam
1279 1487 1466 1557 quam
1516 1463 1741 1533 debilis
1790 1465 2017 1534 mentis
2076 1475 2265 1559 atque
2312 1465 2559 1536 hebetis
2605 1465 2793 1554 inge·-

543 1569 626 1638 nii
673 1580 819 1638 sunt
863 1569 903 1638 ii
950 1569 1365 1649 existimandi,
1412 1571 1542 1662 qui‚·
1588 1571 1866 1662 quamvis
1914 1571 2273 1661 categoriae
2322 1571 2642 1663 cujusdam
2673 1593 2795 1640 ne-

541 1674 898 1744 cessitatem
942 1675 1252 1744 sentirent
1297 1675 1878 1757 vehementissime,
1939 1687 2153 1746 tamen
2209 1677 2376 1748 illam
2434 1678 2793 1771 exprimere

541 1804 666 1850 non
713 1780 1083 1874 potuissent.
1180 1780 1374 1863 Quod
1420 1781 1500 1851 de
1547 1781 1918 1852 Sinensibus
1974 1783 2099 1852 dici
2154 1808 2280 1854 non
2340 1793 2581 1878 potest,
2637 1807 2795 1877 quos

541 1885 892 1976 categorias
940 1888 1374 1974 grammaticas
1422 1912 1546 1956 non
1594 1888 1949 1976 neglexisse
2008 1889 2122 1959 sed
2177 1892 2543 1984 repudiasse
2599 1913 2793 1983 prae-

542 1991 708 2062 clare
757 1989 914 2059 dixit
941 1991 1414 2061 Humboldtius.
1482 1991 1580 2060 Ac
1630 2015 1742 2061 cur
1787 1993 2041 2062 tandem
2088 1995 2189 2064 illa
2226 2001 2304 2077 N,
2336 1998 2429 2075 Μ,
2459 1999 2613 2068 ΝΤΕ
2644 1995 2791 2089 qui-

541 2097 660 2168 bus
706 2097 1110 2189 possessionis
1158 2097 1331 2167 notio
1381 2097 1634 2166 minime
1684 2098 2116 2191 exprimatur?
2186 2099 2253 2167 Si
2296 2104 2449 2174 NTE
2485 2107 2666 2174 ΡἹόΤ
2708 2102 2792 2170 ita

543 2204 735 2296 accipi
779 2204 985 2298 potuit
1029 2203 1108 2273 ab
1144 2205 1471 2298 Aegyptiis
1519 2214 1589 2273 ut
1637 2215 1833 2273 esset:
1879 2228 2051 2274 unus
2094 2205 2195 2274 hic·
2229 2206 2462 2298 patris,
2510 2228 2622 2275 cur
2668 2229 2793 2274 non

548 2315 772 2385 Ps‘Am
811 2315 994 2384 ΡἹόΤ
1039 2310 1264 2380 eodem
1311 2310 1498 2380 modo
1545 2310 1625 2380 ab
1671 2309 1744 2378 iis
1790 2320 2117 2402 acceptum
2173 2322 2303 2391 est,
2360 2323 2434 2380 ut
2478 2311 2791 2403 significa-

539 2427 669 2488 ret:
709 2418 880 2511 filius
899 2419 1164 2507 patris?
1211 2415 1531 2498 Quidnam
1563 2415 1665 2485 illa
1710 2416 2102 2509 pronomina,
2146 2439 2341 2510 quum
2372 2416 2432 2486 id
2480 2416 2651 2511 quod
2684 2441 2791 2487 es-

541 2533 639 2592 set
685 2521 1112 2592 denotandum
1169 2545 1420 2616 semper
1476 2523 1853 2614 cogitatione
1912 2522 2329 2615 supplendum
2386 2525 2791 2594 remaneret?

541 2631 642 2700 An
691 2627 1062 2719 ambiguitas
1108 2628 1180 2697 iis
1227 2628 1609 2722 impeditur?
1656 2630 1933 2697 minime.
2002 2630 2163 2698 Nam
2197 2652 2392 2720 quum
2426 2652 2647 2699 omnes
2679 2653 2791 2699 ca-

542 2759 649 2806 sus
695 2746 760 2804 et
805 2734 1294 2829 praepositiones
1341 2736 1570 2805 eodem
1618 2735 1797 2826 sig-no
1846 2733 2263 2813 denotentur,
2324 2757 2396 2804 re
2442 2758 2593 2804 vera
2638 2735 2789 2804 nihil

543 2842 898 2912 denotatur.
988 2844 1208 2935 ltaque
1265 2843 1550 2921 nomina,
1609 2863 1772 2934 quae
1828 2840 2191 2934 pronomina
2253 2841 2356 2909 illa
2414 2850 2791 2934 sequuntur,

541 2949 722 3019 variis
767 2947 964 3017 modis
1011 2959 1158 3017 sunt
1203 2946 1562 3040 accipienda
1609 2955 1693 3041 (p.
1725 2948 1947 3032 1393.)
1994 2957 2061 3015 et
2105 2957 2177 3016 ut
2224 2946 2581 3038 nominativi
2628 2955 2693 3016 et
2721 2955 2793 3016 ut

541 3055 814 3147 genitivi.
882 3054 1096 3148 Atque
1142 3054 1286 3124 licet
1331 3052 1770 3135 concedamus,
1818 3055 2053 3146 Coptos
2098 3054 2479 3145 posteriores
2525 3073 2789 3144 perver-

541 3161 778 3232 sissime
826 3160 906 3230 de
953 3161 1165 3251 lingua
1211 3183 1322 3230 sua
1380 3161 1681 3240 sensisse,
1742 3183 1889 3229 num
1948 3159 2355 3253 antiquissimi
2414 3179 2663 3250 quoque
2708 3156 2791 3226 illi

539 3268 998 3362 pyramidarum
1045 3266 1497 3347 aedificatoreS,
1544 3279 1612 3337 et
1654 3266 1905 3356 linguae
1952 3275 2021 3334 ut
2066 3265 2147 3334 ita
2182 3265 2382 3334 dicam
2412 3264 2793 3347 inventores,

541 3398 713 3455 num,
757 3375 1034 3468 inquam,
1080 3372 1164 3442 illi
1212 3395 1466 3466 quoque
1511 3373 1739 3442 melius
1785 3394 1859 3441 ac
1902 3371 2139 3441 rectius
2170 3370 2440 3440 sensisse
2485 3394 2613 3439 non
2647 3381 2795 3440 sunt

540 3478 977 3551 existimandi?

720 3589 940 3670 Quare
974 3585 1266 3679 equidem
1305 3608 1384 3652 ne
1416 3585 1871 3677 Aegyptiorum
1904 3585 2139 3654 animos
2170 3584 2607 3676 sermonisque
2638 3606 2791 3676 pro-

541 3695 872 3788 prietatem
921 3715 1048 3760 non
1097 3690 1243 3760 satis
1291 3692 1724 3784 perspexerim
1769 3702 2059 3766 metuere
2104 3691 2343 3773 malim,
2400 3713 2589 3785 quam
2634 3712 2791 3758 con-

539 3800 791 3877 cedere,
839 3796 1159 3891 proximos
1207 3795 1894 3890 ludo-europaeorum
1940 3799 2193 3878 fratreS,
2240 3820 2504 3889 quorum
2551 3795 2793 3866 cultura

541 3907 708 3974 inter
765 3925 984 3974 omnes
1041 3901 1206 3972 orbis
1263 3915 1577 3973 terrarum
1636 3906 1897 3997 populos
1964 3905 2151 3994 longe
2208 3903 2292 3971 sit
2348 3900 2793 3996 antiquissima,

539 4023 666 4082 tam
715 4008 876 4082 tardi
925 4008 1115 4079 fuisse
1163 4009 1430 4100 ingenii,
1486 4020 1587 4089 ut,
1646 4034 1837 4103 quum
1896 4009 2091 4104 prima
2149 4010 2463 4102 assequuti
2510 4031 2633 4077 non
2682 4029 2791 4076 es-

540 4127 703 4196 sent,
751 4139 830 4186 ne
878 4117 940 4185 in
987 4114 1276 4185 secundis
1322 4116 1651 4209 tertiisque
1698 4117 1972 4211 quidem,
2019 4114 2129 4185 sed
2176 4138 2379 4207 paene
2426 4114 2699 4198 dixerim,
2726 4115 2787 4182 in

543 4223 773 4294 ultimis
820 4222 1232 4292 constiterint.
1311 4225 1470 4292 Nam
1517 4225 1888 4292 Tatarorum
1939 4223 2125 4292 etiam
2178 4231 2242 4289 et
2271 4211 2787 4291 Americanorum

541 4341 606 4400 et
652 4330 1094 4400 Africanorum
1143 4337 1210 4398 et
1255 4338 1407 4422 quot
1453 4329 1829 4422 populorum
1892 4329 2169 4398 noverim
2227 4317 2505 4419 linguas,
2564 4348 2784 4396 omnes

542 4459 722 4507 casus
780 4445 1026 4505 nostros
1086 4435 1288 4528 aptius
1348 4434 1863 4506 circumscribere
1934 4445 2219 4530 possent,
2288 4457 2510 4529 quam,
2577 4432 2630 4502 si
2683 4432 2783 4502 illa
