<?xml version="1.0" encoding="UTF-8"?>
<!DOCTYPE html PUBLIC "-//W3C//DTD XHTML 1.0 Transitional//EN"
    "http://www.w3.org/TR/xhtml1/DTD/xhtml1-transitional.dtd">
<html xmlns="http://www.w3.org/1999/xhtml" xml:lang="en" lang="en">
 <head>
  <title>
</title>
<meta http-equiv="Content-Type" content="text/html;charset=utf-8" />
  <meta name='ocr-system' content='tesseract 3.04.00' />
  <meta name='ocr-capabilities' content='ocr_page ocr_carea ocr_par ocr_line ocrx_word'/>
</head>
<body>
  <div class='ocr_page' id='page_1' title='image "./depronominerela00steigoog_0009.png"; bbox 0 0 3225 5259; ppageno 0'>
   <div class='ocr_carea' id='block_1_1' title="bbox 1516 369 1556 434">
    <p class='ocr_par' dir='ltr' id='par_1_1' title="bbox 1516 369 1556 434">
     <span class='ocr_line' id='line_1_1' title="bbox 1516 369 1556 434; baseline 0 0"><span class='ocrx_word' id='word_1_1' title='bbox 1516 369 1556 434; x_wconf 80' lang='lat'><strong>:3</strong></span> 
     </span>
    </p>
   </div>
   <div class='ocr_carea' id='block_1_2' title="bbox 405 561 2663 1606">
    <p class='ocr_par' dir='ltr' id='par_1_2' title="bbox 405 561 2663 1606">
     <span class='ocr_line' id='line_1_2' title="bbox 409 561 2663 653; baseline 0 -22"><span class='ocrx_word' id='word_1_2' title='bbox 409 561 876 653; x_wconf 77' lang='lat' dir='ltr'><strong>gitationesque</strong></span> <span class='ocrx_word' id='word_1_3' title='bbox 947 561 1414 653; x_wconf 85' lang='lat' dir='ltr'><strong>exprimantur,</strong></span> <span class='ocrx_word' id='word_1_4' title='bbox 1487 561 1598 629; x_wconf 87' lang='lat' dir='ltr'><strong>sed</strong></span> <span class='ocrx_word' id='word_1_5' title='bbox 1668 583 1887 630; x_wconf 88' lang='lat' dir='ltr'><strong>omnes</strong></span> <span class='ocrx_word' id='word_1_6' title='bbox 1962 563 2365 632; x_wconf 77' lang='lat' dir='ltr'>tenuissimae</span> <span class='ocrx_word' id='word_1_7' title='bbox 2434 565 2663 633; x_wconf 86' lang='lat' dir='ltr'><strong>mentis</strong></span> 
     </span>
     <span class='ocr_line' id='line_1_3' title="bbox 409 665 2663 762; baseline 0.001 -27"><span class='ocrx_word' id='word_1_8' title='bbox 409 665 840 737; x_wconf 80' lang='lat' dir='ltr'><strong>distinctiones</strong></span> <span class='ocrx_word' id='word_1_9' title='bbox 884 675 1074 759; x_wconf 89' lang='lat' dir='ltr'><strong>atque</strong></span> <span class='ocrx_word' id='word_1_10' title='bbox 1133 667 1351 736; x_wconf 85' lang='lat' dir='ltr'><strong>intima</strong></span> <span class='ocrx_word' id='word_1_11' title='bbox 1409 688 1625 737; x_wconf 87' lang='lat' dir='ltr'><strong>rerum</strong></span> <span class='ocrx_word' id='word_1_12' title='bbox 1685 667 2093 762; x_wconf 88' lang='lat' dir='ltr'><strong>idearumque</strong></span> <span class='ocrx_word' id='word_1_13' title='bbox 2152 666 2319 738; x_wconf 89' lang='lat' dir='ltr'><strong>inter</strong></span> <span class='ocrx_word' id='word_1_14' title='bbox 2375 693 2444 738; x_wconf 85' lang='lat' dir='ltr'><strong>se</strong></span> <span class='ocrx_word' id='word_1_15' title='bbox 2500 670 2663 740; x_wconf 78' lang='lat' dir='ltr'><strong>ratio</strong></span> 
     </span>
     <span class='ocr_line' id='line_1_4' title="bbox 411 770 2661 868; baseline 0.001 -26"><span class='ocrx_word' id='word_1_16' title='bbox 411 784 478 842; x_wconf 88' lang='lat' dir='ltr'><strong>et</strong></span> <span class='ocrx_word' id='word_1_17' title='bbox 532 771 930 842; x_wconf 72' lang='lat' dir='ltr'><strong>cohaerentia</strong></span> <span class='ocrx_word' id='word_1_18' title='bbox 989 770 1344 842; x_wconf 87' lang='lat' dir='ltr'><strong>indicentur</strong></span> <span class='ocrx_word' id='word_1_19' title='bbox 1399 793 1661 844; x_wconf 87' lang='lat' dir='ltr'><strong>necesse</strong></span> <span class='ocrx_word' id='word_1_20' title='bbox 1728 783 1843 842; x_wconf 81' lang='lat' dir='ltr'><strong>est.</strong></span> <span class='ocrx_word' id='word_1_21' title='bbox 1936 773 2081 855; x_wconf 85' lang='lat' dir='ltr'><strong>Qua</strong></span> <span class='ocrx_word' id='word_1_22' title='bbox 2150 774 2407 868; x_wconf 85' lang='lat' dir='ltr'><strong>quidem&#39;</strong></span> <span class='ocrx_word' id='word_1_23' title='bbox 2466 776 2529 844; x_wconf 88' lang='lat' dir='ltr'><strong>in</strong></span> <span class='ocrx_word' id='word_1_24' title='bbox 2588 799 2661 844; x_wconf 88' lang='lat' dir='ltr'><strong>re</strong></span> 
     </span>
     <span class='ocr_line' id='line_1_5' title="bbox 409 878 2661 976; baseline 0.001 -28"><span class='ocrx_word' id='word_1_25' title='bbox 409 881 760 970; x_wconf 80' lang='lat' dir='ltr'><strong>linguarum</strong></span> <span class='ocrx_word' id='word_1_26' title='bbox 805 896 1177 972; x_wconf 85' lang='lat' dir='ltr'><strong>progressus</strong></span> <span class='ocrx_word' id='word_1_27' title='bbox 1223 878 1502 948; x_wconf 84' lang='lat' dir='ltr'><strong>cernitur</strong></span> <span class='ocrx_word' id='word_1_28' title='bbox 1560 891 1749 973; x_wconf 89' lang='lat' dir='ltr'><strong>atque</strong></span> <span class='ocrx_word' id='word_1_29' title='bbox 1798 878 2031 958; x_wconf 84' lang='lat' dir='ltr'><strong>cultus,</strong></span> <span class='ocrx_word' id='word_1_30' title='bbox 2088 901 2363 973; x_wconf 85' lang='lat' dir='ltr'><strong>quocum</strong></span> <span class='ocrx_word' id='word_1_31' title='bbox 2410 903 2661 976; x_wconf 77' lang='lat' dir='ltr'><strong>semper</strong></span> 
     </span>
     <span class='ocr_line' id='line_1_6' title="bbox 409 981 2657 1075; baseline 0.002 -22"><span class='ocrx_word' id='word_1_32' title='bbox 409 985 684 1054; x_wconf 76' lang='lat' dir='ltr'><strong>accessio</strong></span> <span class='ocrx_word' id='word_1_33' title='bbox 731 983 1024 1054; x_wconf 87' lang='lat' dir='ltr'><strong>convenit</strong></span> <span class='ocrx_word' id='word_1_34' title='bbox 1068 981 1254 1052; x_wconf 88' lang='lat' dir='ltr'><strong>animi</strong></span> <span class='ocrx_word' id='word_1_35' title='bbox 1303 983 1540 1053; x_wconf 87' lang='lat' dir='ltr'><strong>virium.</strong></span> <span class='ocrx_word' id='word_1_36' title='bbox 1633 985 1819 1054; x_wconf 88' lang='lat' dir='ltr'><strong>Initio</strong></span> <span class='ocrx_word' id='word_1_37' title='bbox 1868 986 2035 1053; x_wconf 89' lang='lat' dir='ltr'><strong>enim</strong></span> <span class='ocrx_word' id='word_1_38' title='bbox 2093 986 2379 1056; x_wconf 85' lang='lat' dir='ltr'><strong>homines</strong></span> <span class='ocrx_word' id='word_1_39' title='bbox 2440 1009 2657 1075; x_wconf 87' lang='lat' dir='ltr'><strong>quum,</strong></span> 
     </span>
     <span class='ocr_line' id='line_1_7' title="bbox 407 1088 2659 1186; baseline 0.001 -26"><span class='ocrx_word' id='word_1_40' title='bbox 407 1091 613 1160; x_wconf 86' lang='lat' dir='ltr'><strong>animo</strong></span> <span class='ocrx_word' id='word_1_41' title='bbox 659 1113 873 1160; x_wconf 88' lang='lat' dir='ltr'><strong>rerum</strong></span> <span class='ocrx_word' id='word_1_42' title='bbox 919 1089 1219 1160; x_wconf 87' lang='lat' dir='ltr'><strong>varietate</strong></span> <span class='ocrx_word' id='word_1_43' title='bbox 1265 1088 1546 1173; x_wconf 87' lang='lat' dir='ltr'><strong>diducto,</strong></span> <span class='ocrx_word' id='word_1_44' title='bbox 1591 1091 1868 1182; x_wconf 86' lang='lat' dir='ltr'><strong>singulas</strong></span> <span class='ocrx_word' id='word_1_45' title='bbox 1913 1111 2323 1186; x_wconf 89' lang='lat' dir='ltr'><strong>quascunque</strong></span> <span class='ocrx_word' id='word_1_46' title='bbox 2369 1117 2473 1162; x_wconf 90' lang='lat' dir='ltr'><strong>res</strong></span> <span class='ocrx_word' id='word_1_47' title='bbox 2504 1113 2659 1162; x_wconf 90' lang='lat' dir='ltr'><strong>sen-</strong></span> 
     </span>
     <span class='ocr_line' id='line_1_8' title="bbox 405 1195 2659 1294; baseline 0.001 -29"><span class='ocrx_word' id='word_1_48' title='bbox 405 1195 576 1266; x_wconf 87' lang='lat' dir='ltr'><strong>sibus</strong></span> <span class='ocrx_word' id='word_1_49' title='bbox 639 1206 1054 1290; x_wconf 78' lang='lat' dir='ltr'>perceperant</span> <span class='ocrx_word' id='word_1_50' title='bbox 1109 1196 1286 1288; x_wconf 79' lang='lat' dir='ltr'><strong>,paris</strong></span> <span class='ocrx_word' id='word_1_51' title='bbox 1355 1197 1659 1267; x_wconf 85' lang='lat' dir='ltr'><strong>momenti</strong></span> <span class='ocrx_word' id='word_1_52' title='bbox 1730 1197 2173 1268; x_wconf 77' lang='lat' dir='ltr'><strong>aestimarent:</strong></span> <span class='ocrx_word' id='word_1_53' title='bbox 2242 1221 2659 1294; x_wconf 88' lang='lat' dir='ltr'><strong>quaecunque</strong></span> 
     </span>
     <span class='ocr_line' id='line_1_9' title="bbox 405 1297 2659 1394; baseline 0 -23"><span class='ocrx_word' id='word_1_54' title='bbox 405 1302 523 1373; x_wconf 85' lang='lat' dir='ltr'><strong>sibi</strong></span> <span class='ocrx_word' id='word_1_55' title='bbox 567 1303 950 1394; x_wconf 82' lang='lat' dir='ltr'><strong>cogitatione</strong></span> <span class='ocrx_word' id='word_1_56' title='bbox 977 1297 1311 1370; x_wconf 77' lang='lat' dir='ltr'><strong>finxerant</strong></span> <span class='ocrx_word' id='word_1_57' title='bbox 1367 1302 1590 1374; x_wconf 84' lang='lat' dir='ltr'><strong>eadem</strong></span> <span class='ocrx_word' id='word_1_58' title='bbox 1640 1300 2057 1374; x_wconf 86' lang='lat' dir='ltr'><strong>enunciabant</strong></span> <span class='ocrx_word' id='word_1_59' title='bbox 2102 1303 2333 1386; x_wconf 83' lang='lat' dir='ltr'><strong>forma,</strong></span> <span class='ocrx_word' id='word_1_60' title='bbox 2393 1314 2659 1373; x_wconf 85' lang='lat' dir='ltr'><strong>senten-</strong></span> 
     </span>
     <span class='ocr_line' id='line_1_10' title="bbox 405 1406 2657 1503; baseline -0 -25"><span class='ocrx_word' id='word_1_61' title='bbox 405 1411 668 1503; x_wconf 74' lang='lat' dir='ltr'><strong>tiaeque,</strong></span> <span class='ocrx_word' id='word_1_62' title='bbox 715 1409 898 1478; x_wconf 90' lang='lat' dir='ltr'><strong>sicuti</strong></span> <span class='ocrx_word' id='word_1_63' title='bbox 941 1430 1044 1478; x_wconf 90' lang='lat' dir='ltr'><strong>res</strong></span> <span class='ocrx_word' id='word_1_64' title='bbox 1089 1406 1669 1489; x_wconf 83' lang='lat' dir='ltr'><strong>viderant‚&#39;omnes</strong></span> <span class='ocrx_word' id='word_1_65' title='bbox 1716 1408 2013 1502; x_wconf 86' lang='lat' dir='ltr'><strong>deinceps</strong></span> <span class='ocrx_word' id='word_1_66' title='bbox 2060 1409 2283 1480; x_wconf 86' lang='lat' dir='ltr'><strong>ordine</strong></span> <span class='ocrx_word' id='word_1_67' title='bbox 2314 1408 2657 1502; x_wconf 85' lang='lat' dir='ltr'><strong>ponebant.</strong></span> 
     </span>
     <span class='ocr_line' id='line_1_11' title="bbox 405 1513 2661 1606; baseline -0.001 -20"><span class='ocrx_word' id='word_1_68' title='bbox 405 1515 491 1586; x_wconf 91' lang='lat' dir='ltr'><strong>Ut</strong></span> <span class='ocrx_word' id='word_1_69' title='bbox 534 1536 684 1584; x_wconf 85' lang='lat' dir='ltr'><strong>vero</strong></span> <span class='ocrx_word' id='word_1_70' title='bbox 728 1513 902 1606; x_wconf 87' lang='lat' dir='ltr'><strong>ipsae</strong></span> <span class='ocrx_word' id='word_1_71' title='bbox 945 1533 1050 1583; x_wconf 86' lang='lat' dir='ltr'><strong>res</strong></span> <span class='ocrx_word' id='word_1_72' title='bbox 1097 1513 1210 1582; x_wconf 89' lang='lat' dir='ltr'><strong>hac</strong></span> <span class='ocrx_word' id='word_1_73' title='bbox 1255 1515 1500 1584; x_wconf 88' lang='lat' dir='ltr'><strong>ratione</strong></span> <span class='ocrx_word' id='word_1_74' title='bbox 1559 1513 1849 1584; x_wconf 88' lang='lat' dir='ltr'><strong>sensibus</strong></span> <span class='ocrx_word' id='word_1_75' title='bbox 1904 1517 2313 1587; x_wconf 83' lang='lat' dir='ltr'><strong>vehementer</strong></span> <span class='ocrx_word' id='word_1_76' title='bbox 2370 1513 2661 1584; x_wconf 84' lang='lat' dir='ltr'><strong>excitatis</strong></span> 
     </span>
    </p>
   </div>
   <div class='ocr_carea' id='block_1_3' title="bbox 289 1619 2784 1822">
    <p class='ocr_par' dir='ltr' id='par_1_3' title="bbox 289 1619 2784 1822">
     <span class='ocr_line' id='line_1_12' title="bbox 289 1619 2658 1714; baseline 0.001 -26"><span class='ocrx_word' id='word_1_77' title='bbox 289 1643 300 1652; x_wconf 82' lang='lat'><em>·</em></span> <span class='ocrx_word' id='word_1_78' title='bbox 405 1619 696 1690; x_wconf 83' lang='lat' dir='ltr'><strong>omnibus</strong></span> <span class='ocrx_word' id='word_1_79' title='bbox 741 1629 1078 1712; x_wconf 83' lang='lat' dir='ltr'><strong>perceptae</strong></span> <span class='ocrx_word' id='word_1_80' title='bbox 1123 1628 1270 1688; x_wconf 90' lang='lat' dir='ltr'><strong>sunt</strong></span> <span class='ocrx_word' id='word_1_81' title='bbox 1315 1641 1387 1689; x_wconf 92' lang='lat' dir='ltr'><strong>ac</strong></span> <span class='ocrx_word' id='word_1_82' title='bbox 1431 1621 1681 1712; x_wconf 90' lang='lat' dir='ltr'><strong>poetice</strong></span> <span class='ocrx_word' id='word_1_83' title='bbox 1728 1620 2195 1714; x_wconf 87' lang='lat' dir='ltr'><strong>quodammodo</strong></span> <span class='ocrx_word' id='word_1_84' title='bbox 2244 1643 2373 1690; x_wconf 89' lang='lat' dir='ltr'><strong>non</strong></span> <span class='ocrx_word' id='word_1_85' title='bbox 2420 1622 2483 1690; x_wconf 91' lang='lat' dir='ltr'><strong>in</strong></span> <span class='ocrx_word' id='word_1_86' title='bbox 2517 1619 2658 1690; x_wconf 88' lang='lat' dir='ltr'><strong>ele-</strong></span> 
     </span>
     <span class='ocr_line' id='line_1_13' title="bbox 404 1724 2784 1822; baseline -0 -27"><span class='ocrx_word' id='word_1_87' title='bbox 404 1735 618 1796; x_wconf 85' lang='lat' dir='ltr'><strong>menta</strong></span> <span class='ocrx_word' id='word_1_88' title='bbox 663 1747 778 1795; x_wconf 82' lang='lat' dir='ltr'><strong>sua</strong></span> <span class='ocrx_word' id='word_1_89' title='bbox 821 1735 1036 1794; x_wconf 85' lang='lat' dir='ltr'><strong>mente</strong></span> <span class='ocrx_word' id='word_1_90' title='bbox 1083 1724 1348 1805; x_wconf 88' lang='lat' dir='ltr'><strong>divisae,</strong></span> <span class='ocrx_word' id='word_1_91' title='bbox 1407 1725 1516 1794; x_wconf 89' lang='lat' dir='ltr'><strong>sed</strong></span> <span class='ocrx_word' id='word_1_92' title='bbox 1563 1724 1911 1795; x_wconf 77' lang='lat' dir='ltr'><strong>admirabili</strong></span> <span class='ocrx_word' id='word_1_93' title='bbox 1958 1727 2230 1822; x_wconf 91' lang='lat' dir='ltr'><strong>quodam</strong></span> <span class='ocrx_word' id='word_1_94' title='bbox 2279 1725 2538 1806; x_wconf 88' lang='lat' dir='ltr'><strong>obtutu,</strong></span> <span class='ocrx_word' id='word_1_95' title='bbox 2588 1737 2663 1794; x_wconf 90' lang='lat' dir='ltr'><strong>ut·</strong></span> <span class='ocrx_word' id='word_1_96' title='bbox 2780 1768 2784 1775; x_wconf 93' lang='lat'>·</span> 
     </span>
    </p>
   </div>
   <div class='ocr_carea' id='block_1_4' title="bbox 14 4545 23 5100">
    <p class='ocr_par' dir='ltr' id='par_1_4' title="bbox 14 4545 23 5100">
     <span class='ocr_line' id='line_1_14' title="bbox 14 4545 23 5100; baseline 0 0"><span class='ocrx_word' id='word_1_97' title='bbox 14 4545 23 5100; x_wconf 95' lang='lat' dir='ltr'><strong> </strong></span> 
     </span>
    </p>
   </div>
   <div class='ocr_carea' id='block_1_5' title="bbox 397 1829 2755 4474">
    <p class='ocr_par' dir='ltr' id='par_1_5' title="bbox 397 1829 2755 4474">
     <span class='ocr_line' id='line_1_15' title="bbox 403 1829 2661 1924; baseline -0.001 -22"><span class='ocrx_word' id='word_1_98' title='bbox 403 1843 550 1903; x_wconf 83' lang='lat' dir='ltr'><strong>sunt</strong></span> <span class='ocrx_word' id='word_1_99' title='bbox 591 1831 876 1922; x_wconf 86' lang='lat' dir='ltr'><strong>integrae</strong></span> <span class='ocrx_word' id='word_1_100' title='bbox 924 1842 1247 1924; x_wconf 88' lang='lat' dir='ltr'><strong>totaeque,</strong></span> <span class='ocrx_word' id='word_1_101' title='bbox 1293 1840 1430 1900; x_wconf 92' lang='lat' dir='ltr'><strong>toto</strong></span> <span class='ocrx_word' id='word_1_102' title='bbox 1477 1833 1689 1902; x_wconf 88' lang='lat' dir='ltr'><strong>auimo</strong></span> <span class='ocrx_word' id='word_1_103' title='bbox 1736 1835 2261 1924; x_wconf 85' lang='lat' dir='ltr'><strong>comprehensae:</strong></span> <span class='ocrx_word' id='word_1_104' title='bbox 2322 1831 2405 1899; x_wconf 88' lang='lat' dir='ltr'><strong>ita</strong></span> <span class='ocrx_word' id='word_1_105' title='bbox 2450 1829 2661 1900; x_wconf 79' lang='lat' dir='ltr'><strong>verbis</strong></span> 
     </span>
     <span class='ocr_line' id='line_1_16' title="bbox 403 1937 2661 2030; baseline -0.001 -22"><span class='ocrx_word' id='word_1_106' title='bbox 403 1937 590 2008; x_wconf 82' lang='lat' dir='ltr'><strong>ctiam</strong></span> <span class='ocrx_word' id='word_1_107' title='bbox 638 1959 976 2009; x_wconf 88' lang='lat' dir='ltr'><strong>numerose</strong></span> <span class='ocrx_word' id='word_1_108' title='bbox 1023 1937 1480 2030; x_wconf 86' lang='lat' dir='ltr'><strong>exprimuntur,</strong></span> <span class='ocrx_word' id='word_1_109' title='bbox 1529 1947 1595 2007; x_wconf 88' lang='lat' dir='ltr'><strong>et</strong></span> <span class='ocrx_word' id='word_1_110' title='bbox 1640 1938 1775 2006; x_wconf 91' lang='lat' dir='ltr'><strong>sine</strong></span> <span class='ocrx_word' id='word_1_111' title='bbox 1823 1937 2125 2007; x_wconf 85' lang='lat' dir='ltr'><strong>industria</strong></span> <span class='ocrx_word' id='word_1_112' title='bbox 2161 1937 2459 2008; x_wconf 85' lang='lat' dir='ltr'><strong>orationis</strong></span> <span class='ocrx_word' id='word_1_113' title='bbox 2508 1957 2661 2006; x_wconf 90' lang='lat' dir='ltr'><strong>nas·-</strong></span> 
     </span>
     <span class='ocr_line' id='line_1_17' title="bbox 401 2043 2661 2136; baseline 0 -24"><span class='ocrx_word' id='word_1_114' title='bbox 401 2051 630 2112; x_wconf 88' lang='lat' dir='ltr'><strong>cuntur</strong></span> <span class='ocrx_word' id='word_1_115' title='bbox 683 2043 950 2124; x_wconf 86' lang='lat' dir='ltr'><strong>lumina,</strong></span> <span class='ocrx_word' id='word_1_116' title='bbox 997 2053 1064 2112; x_wconf 93' lang='lat' dir='ltr'><strong>et</strong></span> <span class='ocrx_word' id='word_1_117' title='bbox 1117 2043 1419 2112; x_wconf 87' lang='lat' dir='ltr'><strong>concinna</strong></span> <span class='ocrx_word' id='word_1_118' title='bbox 1477 2044 1875 2136; x_wconf 86' lang='lat' dir='ltr'><strong>parallelismi</strong></span> <span class='ocrx_word' id='word_1_119' title='bbox 1922 2043 2241 2136; x_wconf 87' lang='lat' dir='ltr'><strong>cujusdam</strong></span> <span class='ocrx_word' id='word_1_120' title='bbox 2292 2045 2490 2113; x_wconf 82' lang='lat' dir='ltr'><strong>forma</strong></span> <span class='ocrx_word' id='word_1_121' title='bbox 2536 2067 2661 2114; x_wconf 84' lang='lat' dir='ltr'><strong>non</strong></span> 
     </span>
     <span class='ocr_line' id='line_1_18' title="bbox 401 2148 2659 2247; baseline -0 -28"><span class='ocrx_word' id='word_1_122' title='bbox 401 2150 683 2245; x_wconf 87' lang='lat' dir='ltr'><strong>quaesita</strong></span> <span class='ocrx_word' id='word_1_123' title='bbox 743 2159 842 2219; x_wconf 91' lang='lat' dir='ltr'><strong>est</strong></span> <span class='ocrx_word' id='word_1_124' title='bbox 897 2148 1009 2218; x_wconf 90' lang='lat' dir='ltr'><strong>sed</strong></span> <span class='ocrx_word' id='word_1_125' title='bbox 1066 2157 1300 2218; x_wconf 88' lang='lat' dir='ltr'><strong>secuta.</strong></span> <span class='ocrx_word' id='word_1_126' title='bbox 1391 2150 1486 2219; x_wconf 88' lang='lat' dir='ltr'><strong>Ita</strong></span> <span class='ocrx_word' id='word_1_127' title='bbox 1545 2151 1710 2247; x_wconf 86' lang='lat' dir='ltr'><strong>apud</strong></span> <span class='ocrx_word' id='word_1_128' title='bbox 1768 2152 2098 2229; x_wconf 88' lang='lat' dir='ltr'><strong>Sinenses,</strong></span> <span class='ocrx_word' id='word_1_129' title='bbox 2159 2149 2325 2241; x_wconf 87' lang='lat' dir='ltr'><strong>apud</strong></span> <span class='ocrx_word' id='word_1_130' title='bbox 2384 2151 2659 2230; x_wconf 83' lang='lat' dir='ltr'><strong>Fennos,</strong></span> 
     </span>
     <span class='ocr_line' id='line_1_19' title="bbox 401 2253 2661 2350; baseline 0 -25"><span class='ocrx_word' id='word_1_131' title='bbox 401 2255 565 2350; x_wconf 90' lang='lat' dir='ltr'><strong>apud</strong></span> <span class='ocrx_word' id='word_1_132' title='bbox 612 2253 968 2326; x_wconf 76' lang='lat' dir='ltr'><strong>Hebraeos,</strong></span> <span class='ocrx_word' id='word_1_133' title='bbox 1059 2253 1261 2324; x_wconf 89' lang='lat' dir='ltr'><strong>Immo</strong></span> <span class='ocrx_word' id='word_1_134' title='bbox 1311 2277 1458 2329; x_wconf 83' lang='lat' dir='ltr'><strong>vero</strong></span> <span class='ocrx_word' id='word_1_135' title='bbox 1503 2256 1669 2348; x_wconf 92' lang='lat' dir='ltr'><strong>apud</strong></span> <span class='ocrx_word' id='word_1_136' title='bbox 1716 2257 1995 2326; x_wconf 89' lang='lat' dir='ltr'><strong>Graecos</strong></span> <span class='ocrx_word' id='word_1_137' title='bbox 2042 2257 2103 2324; x_wconf 90' lang='lat' dir='ltr'><strong>in</strong></span> <span class='ocrx_word' id='word_1_138' title='bbox 2166 2255 2344 2350; x_wconf 89' lang='lat' dir='ltr'><strong>epico</strong></span> <span class='ocrx_word' id='word_1_139' title='bbox 2403 2255 2661 2349; x_wconf 81' lang='lat' dir='ltr'><strong>quidem</strong></span> 
     </span>
     <span class='ocr_line' id='line_1_20' title="bbox 401 2361 2661 2455; baseline 0 -24"><span class='ocrx_word' id='word_1_140' title='bbox 401 2361 678 2432; x_wconf 81' lang='lat' dir='ltr'><strong>carmine</strong></span> <span class='ocrx_word' id='word_1_141' title='bbox 722 2373 793 2432; x_wconf 90' lang='lat' dir='ltr'><strong>ut</strong></span> <span class='ocrx_word' id='word_1_142' title='bbox 838 2361 1250 2452; x_wconf 85' lang='lat' dir='ltr'><strong>cogitationes</strong></span> <span class='ocrx_word' id='word_1_143' title='bbox 1297 2383 1334 2430; x_wconf 87' lang='lat' dir='ltr'><strong>e</strong></span> <span class='ocrx_word' id='word_1_144' title='bbox 1382 2384 1596 2431; x_wconf 90' lang='lat' dir='ltr'><strong>rerum</strong></span> <span class='ocrx_word' id='word_1_145' title='bbox 1646 2363 1854 2432; x_wconf 89' lang='lat' dir='ltr'><strong>medio</strong></span> <span class='ocrx_word' id='word_1_146' title='bbox 1901 2371 2187 2454; x_wconf 85' lang='lat' dir='ltr'><strong>sumptae</strong></span> <span class='ocrx_word' id='word_1_147' title='bbox 2248 2361 2409 2430; x_wconf 88' lang='lat' dir='ltr'><strong>aliae</strong></span> <span class='ocrx_word' id='word_1_148' title='bbox 2470 2383 2661 2455; x_wconf 88' lang='lat' dir='ltr'><strong>super</strong></span> 
     </span>
     <span class='ocr_line' id='line_1_21' title="bbox 403 2467 2660 2562; baseline 0 -26"><span class='ocrx_word' id='word_1_149' title='bbox 403 2469 552 2537; x_wconf 86' lang='lat' dir='ltr'><strong>alias</strong></span> <span class='ocrx_word' id='word_1_150' title='bbox 597 2467 915 2537; x_wconf 90' lang='lat' dir='ltr'><strong>adduntur</strong></span> <span class='ocrx_word' id='word_1_151' title='bbox 960 2489 1084 2534; x_wconf 88' lang='lat' dir='ltr'><strong>una</strong></span> <span class='ocrx_word' id='word_1_152' title='bbox 1129 2469 1292 2537; x_wconf 85' lang='lat' dir='ltr'><strong>serie</strong></span> <span class='ocrx_word' id='word_1_153' title='bbox 1341 2491 1661 2561; x_wconf 88' lang='lat' dir='ltr'><strong>nunquam</strong></span> <span class='ocrx_word' id='word_1_154' title='bbox 1708 2469 2092 2560; x_wconf 74' lang='lat' dir='ltr'><strong>interruptat</strong></span> <span class='ocrx_word' id='word_1_155' title='bbox 2138 2467 2224 2538; x_wconf 87' lang='lat' dir='ltr'><strong>ita</strong></span> <span class='ocrx_word' id='word_1_156' title='bbox 2272 2489 2433 2536; x_wconf 88' lang='lat' dir='ltr'><strong>unus</strong></span> <span class='ocrx_word' id='word_1_157' title='bbox 2465 2478 2660 2562; x_wconf 82' lang='lat' dir='ltr'><strong>atque</strong></span> 
     </span>
     <span class='ocr_line' id='line_1_22' title="bbox 402 2571 2657 2668; baseline 0 -25"><span class='ocrx_word' id='word_1_158' title='bbox 402 2573 570 2644; x_wconf 86' lang='lat' dir='ltr'><strong>idem</strong></span> <span class='ocrx_word' id='word_1_159' title='bbox 615 2571 898 2668; x_wconf 70' lang='lat' dir='ltr'><strong>rythmus</strong></span> <span class='ocrx_word' id='word_1_160' title='bbox 944 2572 1200 2642; x_wconf 90' lang='lat' dir='ltr'><strong>omnino</strong></span> <span class='ocrx_word' id='word_1_161' title='bbox 1246 2583 1490 2664; x_wconf 86' lang='lat' dir='ltr'><strong>regnat.</strong></span> <span class='ocrx_word' id='word_1_162' title='bbox 1569 2578 1782 2668; x_wconf 87' lang='lat' dir='ltr'><strong>Atque</strong></span> <span class='ocrx_word' id='word_1_163' title='bbox 1832 2575 1893 2642; x_wconf 90' lang='lat' dir='ltr'><strong>in</strong></span> <span class='ocrx_word' id='word_1_164' title='bbox 1940 2574 2245 2666; x_wconf 86' lang='lat' dir='ltr'><strong>principio</strong></span> <span class='ocrx_word' id='word_1_165' title='bbox 2291 2585 2465 2642; x_wconf 90' lang='lat' dir='ltr'><strong>certe</strong></span> <span class='ocrx_word' id='word_1_166' title='bbox 2512 2597 2657 2643; x_wconf 91' lang='lat' dir='ltr'><strong>om-</strong></span> 
     </span>
     <span class='ocr_line' id='line_1_23' title="bbox 403 2678 2659 2752; baseline -0.001 -2"><span class='ocrx_word' id='word_1_167' title='bbox 403 2703 547 2752; x_wconf 88' lang='lat' dir='ltr'><strong>nem</strong></span> <span class='ocrx_word' id='word_1_168' title='bbox 581 2701 828 2750; x_wconf 86' lang='lat' dir='ltr'><strong>versum</strong></span> <span class='ocrx_word' id='word_1_169' title='bbox 875 2687 1071 2748; x_wconf 89' lang='lat' dir='ltr'><strong>totam</strong></span> <span class='ocrx_word' id='word_1_170' title='bbox 1116 2678 1440 2748; x_wconf 85' lang='lat' dir='ltr'><strong>inclusisse</strong></span> <span class='ocrx_word' id='word_1_171' title='bbox 1473 2680 1847 2749; x_wconf 87' lang='lat' dir='ltr'><strong>sententiam</strong></span> <span class='ocrx_word' id='word_1_172' title='bbox 1880 2679 2391 2749; x_wconf 88' lang='lat' dir='ltr'><strong>verisimillimum</strong></span> <span class='ocrx_word' id='word_1_173' title='bbox 2426 2691 2539 2748; x_wconf 86' lang='lat' dir='ltr'><strong>est.</strong></span> <span class='ocrx_word' id='word_1_174' title='bbox 2575 2719 2659 2730; x_wconf 92' lang='lat'>-</span> 
     </span>
     <span class='ocr_line' id='line_1_24' title="bbox 404 2784 2658 2876; baseline -0.002 -19"><span class='ocrx_word' id='word_1_175' title='bbox 404 2789 620 2871; x_wconf 84' lang='lat' dir='ltr'><strong>Quum</strong></span> <span class='ocrx_word' id='word_1_176' title='bbox 667 2796 879 2857; x_wconf 90' lang='lat' dir='ltr'><strong>autem</strong></span> <span class='ocrx_word' id='word_1_177' title='bbox 925 2807 1028 2854; x_wconf 90' lang='lat' dir='ltr'><strong>res</strong></span> <span class='ocrx_word' id='word_1_178' title='bbox 1073 2784 1392 2876; x_wconf 87' lang='lat' dir='ltr'><strong>graviores</strong></span> <span class='ocrx_word' id='word_1_179' title='bbox 1439 2809 1474 2855; x_wconf 90' lang='lat' dir='ltr'><strong>a</strong></span> <span class='ocrx_word' id='word_1_180' title='bbox 1520 2786 1711 2855; x_wconf 88' lang='lat' dir='ltr'><strong>rebus</strong></span> <span class='ocrx_word' id='word_1_181' title='bbox 1769 2786 2020 2856; x_wconf 87' lang='lat' dir='ltr'><strong>levioris</strong></span> <span class='ocrx_word' id='word_1_182' title='bbox 2079 2788 2380 2855; x_wconf 83' lang='lat' dir='ltr'><strong>momenti</strong></span> <span class='ocrx_word' id='word_1_183' title='bbox 2428 2785 2658 2856; x_wconf 86' lang='lat' dir='ltr'><strong>distin-</strong></span> 
     </span>
     <span class='ocr_line' id='line_1_25' title="bbox 401 2889 2657 2986; baseline -0.001 -23"><span class='ocrx_word' id='word_1_184' title='bbox 401 2916 602 2985; x_wconf 87' lang='lat' dir='ltr'><strong>guere</strong></span> <span class='ocrx_word' id='word_1_185' title='bbox 648 2901 840 2986; x_wconf 86' lang='lat' dir='ltr'><strong>atque</strong></span> <span class='ocrx_word' id='word_1_186' title='bbox 885 2913 1026 2974; x_wconf 83' lang='lat' dir='ltr'><strong>esse</strong></span> <span class='ocrx_word' id='word_1_187' title='bbox 1071 2889 1238 2960; x_wconf 86' lang='lat' dir='ltr'><strong>inter</strong></span> <span class='ocrx_word' id='word_1_188' title='bbox 1283 2913 1390 2961; x_wconf 88' lang='lat' dir='ltr'><strong>eas</strong></span> <span class='ocrx_word' id='word_1_189' title='bbox 1434 2891 1745 2962; x_wconf 89' lang='lat' dir='ltr'><strong>rationem</strong></span> <span class='ocrx_word' id='word_1_190' title='bbox 1791 2893 2103 2986; x_wconf 90' lang='lat' dir='ltr'><strong>quandam</strong></span> <span class='ocrx_word' id='word_1_191' title='bbox 2138 2913 2521 2983; x_wconf 85' lang='lat' dir='ltr'><strong>cognoscere</strong></span> <span class='ocrx_word' id='word_1_192' title='bbox 2555 2894 2657 2961; x_wconf 92' lang='lat' dir='ltr'><strong>in-</strong></span> 
     </span>
     <span class='ocr_line' id='line_1_26' title="bbox 401 2995 2659 3092; baseline -0.003 -22"><span class='ocrx_word' id='word_1_193' title='bbox 401 3000 688 3092; x_wconf 85' lang='lat' dir='ltr'><strong>ciperent</strong></span> <span class='ocrx_word' id='word_1_194' title='bbox 729 2997 1050 3078; x_wconf 84' lang='lat' dir='ltr'><strong>homines,</strong></span> <span class='ocrx_word' id='word_1_195' title='bbox 1109 2995 1378 3091; x_wconf 86' lang='lat' dir='ltr'><strong>simplex</strong></span> <span class='ocrx_word' id='word_1_196' title='bbox 1435 2998 1592 3067; x_wconf 88' lang='lat' dir='ltr'><strong>baec-</strong></span> <span class='ocrx_word' id='word_1_197' title='bbox 1650 2999 2105 3068; x_wconf 88' lang='lat' dir='ltr'><strong>sententiarum</strong></span> <span class='ocrx_word' id='word_1_198' title='bbox 2164 2997 2472 3091; x_wconf 85' lang='lat' dir='ltr'><strong>copulatio</strong></span> <span class='ocrx_word' id='word_1_199' title='bbox 2533 3017 2659 3066; x_wconf 88' lang='lat' dir='ltr'><strong>nou</strong></span> 
     </span>
     <span class='ocr_line' id='line_1_27' title="bbox 401 3101 2659 3200; baseline -0.001 -26"><span class='ocrx_word' id='word_1_200' title='bbox 401 3104 666 3200; x_wconf 87' lang='lat' dir='ltr'><strong>amplius</strong></span> <span class='ocrx_word' id='word_1_201' title='bbox 711 3101 1004 3173; x_wconf 84' lang='lat' dir='ltr'><strong>sufficere</strong></span> <span class='ocrx_word' id='word_1_202' title='bbox 1049 3103 1274 3195; x_wconf 89' lang='lat' dir='ltr'><strong>potuit,</strong></span> <span class='ocrx_word' id='word_1_203' title='bbox 1321 3103 1433 3174; x_wconf 86' lang='lat' dir='ltr'><strong>sed</strong></span> <span class='ocrx_word' id='word_1_204' title='bbox 1464 3103 1524 3173; x_wconf 91' lang='lat' dir='ltr'><strong>id</strong></span> <span class='ocrx_word' id='word_1_205' title='bbox 1558 3103 1940 3184; x_wconf 86' lang='lat' dir='ltr'><strong>nitebantur,</strong></span> <span class='ocrx_word' id='word_1_206' title='bbox 1990 3113 2059 3173; x_wconf 92' lang='lat' dir='ltr'><strong>ut</strong></span> <span class='ocrx_word' id='word_1_207' title='bbox 2090 3127 2214 3173; x_wconf 90' lang='lat' dir='ltr'><strong>non</strong></span> <span class='ocrx_word' id='word_1_208' title='bbox 2249 3103 2452 3173; x_wconf 88' lang='lat' dir='ltr'><strong>solum</strong></span> <span class='ocrx_word' id='word_1_209' title='bbox 2484 3101 2659 3172; x_wconf 77' lang='lat' dir='ltr'><strong>ideas</strong></span> 
     </span>
     <span class='ocr_line' id='line_1_28' title="bbox 403 3207 2656 3304; baseline -0.001 -24"><span class='ocrx_word' id='word_1_210' title='bbox 403 3224 467 3283; x_wconf 91' lang='lat' dir='ltr'><strong>et</strong></span> <span class='ocrx_word' id='word_1_211' title='bbox 513 3210 876 3283; x_wconf 85' lang='lat' dir='ltr'><strong>sententias.</strong></span> <span class='ocrx_word' id='word_1_212' title='bbox 919 3209 1032 3280; x_wconf 87' lang='lat' dir='ltr'><strong>sed</strong></span> <span class='ocrx_word' id='word_1_213' title='bbox 1077 3209 1386 3279; x_wconf 89' lang='lat' dir='ltr'><strong>rationem</strong></span> <span class='ocrx_word' id='word_1_214' title='bbox 1433 3212 1662 3293; x_wconf 88' lang='lat' dir='ltr'><strong>etiam,</strong></span> <span class='ocrx_word' id='word_1_215' title='bbox 1708 3233 1873 3304; x_wconf 87' lang='lat' dir='ltr'><strong>quae</strong></span> <span class='ocrx_word' id='word_1_216' title='bbox 1919 3213 2084 3280; x_wconf 88' lang='lat' dir='ltr'><strong>inter</strong></span> <span class='ocrx_word' id='word_1_217' title='bbox 2130 3232 2237 3278; x_wconf 89' lang='lat' dir='ltr'><strong>eas</strong></span> <span class='ocrx_word' id='word_1_218' title='bbox 2285 3207 2656 3290; x_wconf 86' lang='lat' dir='ltr'><strong>intercedat,</strong></span> 
     </span>
     <span class='ocr_line' id='line_1_29' title="bbox 401 3312 2657 3412; baseline -0.004 -24"><span class='ocrx_word' id='word_1_219' title='bbox 401 3318 784 3412; x_wconf 87' lang='lat' dir='ltr'><strong>modumque</strong></span> <span class='ocrx_word' id='word_1_220' title='bbox 829 3339 954 3412; x_wconf 89' lang='lat' dir='ltr'><strong>quo</strong></span> <span class='ocrx_word' id='word_1_221' title='bbox 1001 3315 1124 3386; x_wconf 88' lang='lat' dir='ltr'><strong>sint</strong></span> <span class='ocrx_word' id='word_1_222' title='bbox 1167 3315 1554 3409; x_wconf 89' lang='lat' dir='ltr'><strong>copulandae</strong></span> <span class='ocrx_word' id='word_1_223' title='bbox 1599 3318 1659 3386; x_wconf 90' lang='lat' dir='ltr'><strong>in</strong></span> <span class='ocrx_word' id='word_1_224' title='bbox 1709 3337 2000 3387; x_wconf 85' lang='lat' dir='ltr'><strong>sermone</strong></span> <span class='ocrx_word' id='word_1_225' title='bbox 2048 3312 2401 3408; x_wconf 85' lang='lat' dir='ltr'><strong>exprimant</strong></span> <span class='ocrx_word' id='word_1_226' title='bbox 2446 3334 2657 3381; x_wconf 85' lang='lat' dir='ltr'><strong>enun-</strong></span> 
     </span>
     <span class='ocr_line' id='line_1_30' title="bbox 401 3417 2659 3518; baseline -0.003 -23"><span class='ocrx_word' id='word_1_227' title='bbox 401 3426 740 3495; x_wconf 88' lang='lat' dir='ltr'><strong>ciationum</strong></span> <span class='ocrx_word' id='word_1_228' title='bbox 788 3423 1022 3493; x_wconf 82' lang='lat' dir='ltr'><strong>formis.</strong></span> <span class='ocrx_word' id='word_1_229' title='bbox 1089 3424 1316 3516; x_wconf 83' lang='lat' dir='ltr'><strong>ltaque</strong></span> <span class='ocrx_word' id='word_1_230' title='bbox 1362 3445 1557 3518; x_wconf 89' lang='lat' dir='ltr'><strong>quum</strong></span> <span class='ocrx_word' id='word_1_231' title='bbox 1603 3445 1899 3510; x_wconf 88' lang='lat' dir='ltr'><strong>sermone</strong></span> <span class='ocrx_word' id='word_1_232' title='bbox 1932 3421 2223 3492; x_wconf 88' lang='lat' dir='ltr'><strong>distincto</strong></span> <span class='ocrx_word' id='word_1_233' title='bbox 2270 3430 2336 3489; x_wconf 89' lang='lat' dir='ltr'><strong>et</strong></span> <span class='ocrx_word' id='word_1_234' title='bbox 2382 3417 2659 3490; x_wconf 89' lang='lat' dir='ltr'><strong>dilucido</strong></span> 
     </span>
     <span class='ocr_line' id='line_1_31' title="bbox 397 3527 2660 3626; baseline -0.003 -26"><span class='ocrx_word' id='word_1_235' title='bbox 397 3535 677 3626; x_wconf 87' lang='lat' dir='ltr'><strong>ipsarum</strong></span> <span class='ocrx_word' id='word_1_236' title='bbox 722 3530 1178 3600; x_wconf 89' lang='lat' dir='ltr'><strong>sententiarum</strong></span> <span class='ocrx_word' id='word_1_237' title='bbox 1227 3529 1388 3598; x_wconf 90' lang='lat' dir='ltr'><strong>acies</strong></span> <span class='ocrx_word' id='word_1_238' title='bbox 1434 3541 1743 3620; x_wconf 87' lang='lat' dir='ltr'><strong>augeatur</strong></span> <span class='ocrx_word' id='word_1_239' title='bbox 1788 3541 1977 3624; x_wconf 90' lang='lat' dir='ltr'><strong>atque</strong></span> <span class='ocrx_word' id='word_1_240' title='bbox 2026 3527 2389 3606; x_wconf 79' lang='lat' dir='ltr'><strong>excelsitas,</strong></span> <span class='ocrx_word' id='word_1_241' title='bbox 2447 3527 2660 3618; x_wconf 87' lang='lat' dir='ltr'><strong>lingua</strong></span> 
     </span>
     <span class='ocr_line' id='line_1_32' title="bbox 399 3629 2658 3728; baseline -0.003 -20"><span class='ocrx_word' id='word_1_242' title='bbox 399 3638 663 3708; x_wconf 85' lang='lat' dir='ltr'><strong>vicissim</strong></span> <span class='ocrx_word' id='word_1_243' title='bbox 720 3637 1174 3706; x_wconf 87' lang='lat' dir='ltr'><strong>sententiarum</strong></span> <span class='ocrx_word' id='word_1_244' title='bbox 1232 3633 1616 3728; x_wconf 85' lang='lat' dir='ltr'><strong>frequentia,</strong></span> <span class='ocrx_word' id='word_1_245' title='bbox 1675 3637 2013 3728; x_wconf 83' lang='lat' dir='ltr'><strong>gravitate,</strong></span> <span class='ocrx_word' id='word_1_246' title='bbox 2072 3631 2347 3726; x_wconf 90' lang='lat' dir='ltr'><strong>denique</strong></span> <span class='ocrx_word' id='word_1_247' title='bbox 2402 3629 2658 3702; x_wconf 86' lang='lat' dir='ltr'><strong>subtili-</strong></span> 
     </span>
     <span class='ocr_line' id='line_1_33' title="bbox 401 3737 2659 3838; baseline -0.004 -23"><span class='ocrx_word' id='word_1_248' title='bbox 401 3754 532 3815; x_wconf 87' lang='lat' dir='ltr'><strong>tate</strong></span> <span class='ocrx_word' id='word_1_249' title='bbox 577 3764 733 3814; x_wconf 86' lang='lat' dir='ltr'><strong>nova</strong></span> <span class='ocrx_word' id='word_1_250' title='bbox 781 3743 946 3838; x_wconf 86' lang='lat' dir='ltr'><strong>capit</strong></span> <span class='ocrx_word' id='word_1_251' title='bbox 1003 3739 1424 3822; x_wconf 86' lang='lat' dir='ltr'><strong>incrementa,</strong></span> <span class='ocrx_word' id='word_1_252' title='bbox 1482 3750 1673 3836; x_wconf 90' lang='lat' dir='ltr'><strong>atque</strong></span> <span class='ocrx_word' id='word_1_253' title='bbox 1736 3743 1921 3812; x_wconf 90' lang='lat' dir='ltr'><strong>animi</strong></span> <span class='ocrx_word' id='word_1_254' title='bbox 1979 3739 2232 3808; x_wconf 89' lang='lat' dir='ltr'><strong>humani</strong></span> <span class='ocrx_word' id='word_1_255' title='bbox 2292 3737 2659 3808; x_wconf 85' lang='lat' dir='ltr'><strong>ascensione</strong></span> 
     </span>
     <span class='ocr_line' id='line_1_34' title="bbox 401 3843 2755 3941; baseline -0.003 -22"><span class='ocrx_word' id='word_1_256' title='bbox 401 3850 584 3920; x_wconf 88' lang='lat' dir='ltr'><strong>altius</strong></span> <span class='ocrx_word' id='word_1_257' title='bbox 627 3850 901 3940; x_wconf 79' lang='lat' dir='ltr'><strong>assurgit</strong></span> <span class='ocrx_word' id='word_1_258' title='bbox 941 3849 1156 3920; x_wconf 87' lang='lat' dir='ltr'><strong>oratio.</strong></span> <span class='ocrx_word' id='word_1_259' title='bbox 1253 3848 1471 3930; x_wconf 90' lang='lat' dir='ltr'><strong>Quae,</strong></span> <span class='ocrx_word' id='word_1_260' title='bbox 1519 3869 1715 3941; x_wconf 88' lang='lat' dir='ltr'><strong>quum</strong></span> <span class='ocrx_word' id='word_1_261' title='bbox 1764 3847 1927 3917; x_wconf 86' lang='lat' dir='ltr'><strong>bene</strong></span> <span class='ocrx_word' id='word_1_262' title='bbox 1972 3847 2056 3916; x_wconf 91' lang='lat' dir='ltr'><strong>sit</strong></span> <span class='ocrx_word' id='word_1_263' title='bbox 2098 3844 2477 3938; x_wconf 89' lang='lat' dir='ltr'><strong>composita,</strong></span> <span class='ocrx_word' id='word_1_264' title='bbox 2539 3865 2657 3938; x_wconf 82' lang='lat' dir='ltr'><strong>ap·-</strong></span> <span class='ocrx_word' id='word_1_265' title='bbox 2751 3843 2755 3852; x_wconf 92' lang='grc'><strong>’</strong></span> 
     </span>
     <span class='ocr_line' id='line_1_35' title="bbox 401 3949 2657 4050; baseline -0.002 -27"><span class='ocrx_word' id='word_1_266' title='bbox 401 3967 594 4050; x_wconf 88' lang='lat' dir='ltr'><strong>teque</strong></span> <span class='ocrx_word' id='word_1_267' title='bbox 643 3956 952 4039; x_wconf 88' lang='lat' dir='ltr'><strong>conclusa,</strong></span> <span class='ocrx_word' id='word_1_268' title='bbox 998 3977 1143 4026; x_wconf 87' lang='lat' dir='ltr'><strong>vera</strong></span> <span class='ocrx_word' id='word_1_269' title='bbox 1194 3964 1292 4022; x_wconf 89' lang='lat' dir='ltr'><strong>est</strong></span> <span class='ocrx_word' id='word_1_270' title='bbox 1341 3953 1789 4044; x_wconf 85' lang='lat' dir='ltr'><strong>cogitationum</strong></span> <span class='ocrx_word' id='word_1_271' title='bbox 1848 3953 2049 4044; x_wconf 86' lang='lat' dir='ltr'><strong>logica</strong></span> <span class='ocrx_word' id='word_1_272' title='bbox 2107 3951 2351 4023; x_wconf 89' lang='lat' dir='ltr'><strong>ratione</strong></span> <span class='ocrx_word' id='word_1_273' title='bbox 2398 3949 2657 4020; x_wconf 87' lang='lat' dir='ltr'><strong>ordina-</strong></span> 
     </span>
     <span class='ocr_line' id='line_1_36' title="bbox 401 4056 2657 4154; baseline -0.002 -25"><span class='ocrx_word' id='word_1_274' title='bbox 401 4070 608 4130; x_wconf 84' lang='lat' dir='ltr'><strong>tarum</strong></span> <span class='ocrx_word' id='word_1_275' title='bbox 651 4062 878 4152; x_wconf 88' lang='lat' dir='ltr'><strong>imago.</strong></span> <span class='ocrx_word' id='word_1_276' title='bbox 971 4060 1214 4145; x_wconf 88' lang='lat' dir='ltr'><strong>Quodsi</strong></span> <span class='ocrx_word' id='word_1_277' title='bbox 1262 4059 1438 4130; x_wconf 87' lang='lat' dir='ltr'><strong>valde</strong></span> <span class='ocrx_word' id='word_1_278' title='bbox 1487 4070 1582 4129; x_wconf 89' lang='lat' dir='ltr'><strong>est</strong></span> <span class='ocrx_word' id='word_1_279' title='bbox 1628 4057 1881 4128; x_wconf 86' lang='lat' dir='ltr'><strong>difficile</strong></span> <span class='ocrx_word' id='word_1_280' title='bbox 1940 4056 2455 4154; x_wconf 82' lang='lat' dir='ltr'><strong>simplicissimam</strong></span> <span class='ocrx_word' id='word_1_281' title='bbox 2504 4075 2657 4124; x_wconf 86' lang='lat' dir='ltr'><strong>sen·-</strong></span> 
     </span>
     <span class='ocr_line' id='line_1_37' title="bbox 401 4162 2658 4258; baseline -0.002 -24"><span class='ocrx_word' id='word_1_282' title='bbox 401 4166 664 4236; x_wconf 88' lang='lat' dir='ltr'><strong>tentiam</strong></span> <span class='ocrx_word' id='word_1_283' title='bbox 711 4168 773 4236; x_wconf 92' lang='lat' dir='ltr'><strong>in</strong></span> <span class='ocrx_word' id='word_1_284' title='bbox 821 4167 1134 4237; x_wconf 86' lang='lat' dir='ltr'><strong>elementa</strong></span> <span class='ocrx_word' id='word_1_285' title='bbox 1189 4189 1303 4237; x_wconf 89' lang='lat' dir='ltr'><strong>sua</strong></span> <span class='ocrx_word' id='word_1_286' title='bbox 1359 4165 1561 4258; x_wconf 87' lang='lat' dir='ltr'><strong>logica</strong></span> <span class='ocrx_word' id='word_1_287' title='bbox 1609 4165 1851 4233; x_wconf 87' lang='lat' dir='ltr'><strong>solvere</strong></span> <span class='ocrx_word' id='word_1_288' title='bbox 1908 4163 2291 4258; x_wconf 87' lang='lat' dir='ltr'><strong>singulisque</strong></span> <span class='ocrx_word' id='word_1_289' title='bbox 2338 4162 2658 4232; x_wconf 85' lang='lat' dir='ltr'><strong>nominare</strong></span> 
     </span>
     <span class='ocr_line' id='line_1_38' title="bbox 401 4266 2658 4364; baseline -0.001 -24"><span class='ocrx_word' id='word_1_290' title='bbox 401 4270 640 4353; x_wconf 80' lang='lat' dir='ltr'><strong>verbis,</strong></span> <span class='ocrx_word' id='word_1_291' title='bbox 699 4271 944 4364; x_wconf 86' lang='lat' dir='ltr'><strong>singula</strong></span> <span class='ocrx_word' id='word_1_292' title='bbox 987 4295 1136 4344; x_wconf 86' lang='lat' dir='ltr'><strong>vero</strong></span> <span class='ocrx_word' id='word_1_293' title='bbox 1194 4274 1280 4343; x_wconf 90' lang='lat' dir='ltr'><strong>ita</strong></span> <span class='ocrx_word' id='word_1_294' title='bbox 1337 4270 1414 4342; x_wconf 89' lang='lat' dir='ltr'><strong>ad</strong></span> <span class='ocrx_word' id='word_1_295' title='bbox 1475 4269 1930 4341; x_wconf 84' lang='lat' dir='ltr'><strong>enunciationis</strong></span> <span class='ocrx_word' id='word_1_296' title='bbox 1988 4268 2295 4340; x_wconf 84' lang='lat' dir='ltr'><strong>unitatem</strong></span> <span class='ocrx_word' id='word_1_297' title='bbox 2340 4266 2658 4359; x_wconf 82' lang='lat' dir='ltr'><strong>redigere,</strong></span> 
     </span>
     <span class='ocr_line' id='line_1_39' title="bbox 402 4371 2655 4474; baseline -0.003 -28"><span class='ocrx_word' id='word_1_298' title='bbox 402 4389 476 4449; x_wconf 78' lang='lat' dir='ltr'><strong>ut</strong></span> <span class='ocrx_word' id='word_1_299' title='bbox 519 4399 716 4448; x_wconf 87' lang='lat' dir='ltr'><strong>unum</strong></span> <span class='ocrx_word' id='word_1_300' title='bbox 758 4377 1068 4474; x_wconf 81' lang='lat' dir='ltr'><strong>quodque</strong></span> <span class='ocrx_word' id='word_1_301' title='bbox 1115 4399 1234 4473; x_wconf 87' lang='lat' dir='ltr'><strong>per</strong></span> <span class='ocrx_word' id='word_1_302' title='bbox 1290 4401 1361 4448; x_wconf 87' lang='lat' dir='ltr'><strong>se</strong></span> <span class='ocrx_word' id='word_1_303' title='bbox 1407 4385 1663 4448; x_wconf 81' lang='lat' dir='ltr'><strong>maneat</strong></span> <span class='ocrx_word' id='word_1_304' title='bbox 1718 4376 2020 4448; x_wconf 89' lang='lat' dir='ltr'><strong>intactum</strong></span> <span class='ocrx_word' id='word_1_305' title='bbox 2070 4386 2136 4446; x_wconf 91' lang='lat' dir='ltr'><strong>et</strong></span> <span class='ocrx_word' id='word_1_306' title='bbox 2178 4387 2387 4446; x_wconf 90' lang='lat' dir='ltr'><strong>tamen</strong></span> <span class='ocrx_word' id='word_1_307' title='bbox 2436 4393 2507 4442; x_wconf 84' lang='lat' dir='ltr'><strong>se</strong></span> <span class='ocrx_word' id='word_1_308' title='bbox 2550 4371 2655 4442; x_wconf 87' lang='lat' dir='ltr'><strong>in-</strong></span> 
     </span>
    </p>
   </div>
   <div class='ocr_carea' id='block_1_6' title="bbox 403 4482 2657 4656">
    <p class='ocr_par' dir='ltr' id='par_1_6' title="bbox 403 4482 2657 4656">
     <span class='ocr_line' id='line_1_40' title="bbox 403 4482 2657 4578; baseline -0.003 -25"><span class='ocrx_word' id='word_1_309' title='bbox 403 4484 570 4554; x_wconf 86' lang='lat' dir='ltr'><strong>dicet</strong></span> <span class='ocrx_word' id='word_1_310' title='bbox 613 4493 855 4578; x_wconf 83' lang='lat' dir='ltr'><strong>partem</strong></span> <span class='ocrx_word' id='word_1_311' title='bbox 902 4484 1164 4575; x_wconf 85' lang='lat' dir='ltr'><strong>alicujus</strong></span> <span class='ocrx_word' id='word_1_312' title='bbox 1195 4484 1570 4566; x_wconf 86' lang='lat' dir='ltr'><strong>sententiae,</strong></span> <span class='ocrx_word' id='word_1_313' title='bbox 1618 4483 1681 4552; x_wconf 90' lang='lat' dir='ltr'><strong>in</strong></span> <span class='ocrx_word' id='word_1_314' title='bbox 1712 4503 1836 4577; x_wconf 87' lang='lat' dir='ltr'><strong>qua</strong></span> <span class='ocrx_word' id='word_1_315' title='bbox 1868 4483 2001 4554; x_wconf 88' lang='lat' dir='ltr'><strong>sola</strong></span> <span class='ocrx_word' id='word_1_316' title='bbox 2031 4483 2111 4552; x_wconf 89' lang='lat' dir='ltr'><strong>sit</strong></span> <span class='ocrx_word' id='word_1_317' title='bbox 2142 4482 2390 4564; x_wconf 77' lang='lat' dir='ltr'><strong>vivum:¹</strong></span> <span class='ocrx_word' id='word_1_318' title='bbox 2423 4489 2657 4574; x_wconf 81' lang='lat' dir='ltr'><strong>quanto</strong></span> 
     </span>
     <span class='ocr_line' id='line_1_41' title="bbox 587 4587 2209 4656; baseline -0.003 -59"><span class='ocrx_word' id='word_1_319' title='bbox 587 4587 597 4597; x_wconf 89' lang='lat'><em>.</em></span> <span class='ocrx_word' id='word_1_320' title='bbox 2121 4595 2151 4656; x_wconf 71' lang='grc'><strong>1</strong></span> <span class='ocrx_word' id='word_1_321' title='bbox 2184 4590 2209 4616; x_wconf 57' lang='lat'>„</span> 
     </span>
    </p>
   </div>
  </div>
 </body>
</html>
