3225 5259
1504 251 1589 320 39

409 467 464 513 e.
493 441 574 514 k'i
619 441 1040 514 debilitatione
1085 452 1240 514 orta.
1324 443 1516 526 Quod
1565 444 1617 512 si
1662 454 1837 514 recte
1873 442 2255 535 judicamuS,
2301 444 2563 513 fortasse
2604 447 2669 514 in

409 571 490 620 eo
541 573 790 644 quoque
838 573 958 618 non
1007 548 1307 630 labimur,
1359 573 1554 644 quum
1613 549 1695 619 k'i
1752 573 1894 620 cum
1934 550 2229 620 Sanscriti
2285 549 2669 643 pronominis

407 656 602 749 stirpe
639 657 700 734 k,
740 679 901 749 quae
949 656 1137 745 longe
1183 657 1432 749 lateque
1481 665 1578 726 est
1622 657 1871 740 diffusa,
1916 679 2368 750 comparemus,
2448 656 2667 738 Quare

407 763 690 832 Sinicum
730 758 810 832 ‘ca
857 763 1044 834 etiam
1091 762 1396 832 consentit
1447 785 1588 832 cum
1624 764 1874 832 Persico
1922 799 2029 858 ³⁸?-
2065 761 2152 831 ‘ce
2198 772 2265 832 et
2308 785 2452 832 cum
2486 764 2663 855 Cop-

405 867 531 937 tico
575 878 696 942 ΖἙ.

581 972 828 1044 Eodem
874 983 1083 1043 autem
1129 972 1336 1056 modo,
1383 997 1508 1068 quo
1555 973 1872 1052 Sinenses‚
1916 976 2311 1067 Japonenses
2358 975 2549 1045 etiam
2598 985 2663 1044 et

404 1079 828 1172 praedicatum
877 1080 954 1149 ab
1002 1079 1304 1149 attributo
1353 1078 1768 1172 distinguunt,
1816 1091 1883 1151 et
1927 1103 2273 1172 pronomen
2308 1081 2659 1170 relativum,

401 1185 572 1278 quod
620 1210 747 1256 non
795 1185 1048 1265 hahent,
1097 1187 1536 1256 enunciatione
1581 1187 1836 1256 relativa
1895 1188 1955 1255 in
2006 1186 2373 1256 attributum
2419 1196 2655 1255 mutata

401 1304 830 1386 compensant.
939 1293 1019 1362 Ut
1079 1291 1272 1380 igitur
1329 1293 1625 1362 Sinenses
1672 1293 1889 1362 dicunt
1932 1292 2040 1362 wei'
2085 1291 2178 1361 k'o
2213 1344 2229 1361 .
2256 1344 2272 1361 .
2306 1340 2323 1358 .
2356 1293 2427 1378 (6
2453 1316 2510 1374 a,
2546 1296 2579 1360 1
2606 1291 2656 1377 i)

397 1421 500 1468 res
534 1413 762 1491 potest,
809 1397 920 1472 sed
968 1421 1113 1490 pro:
1157 1422 1280 1477 res,
1328 1421 1496 1489 quae
1528 1413 1777 1491 potest.
1805 1450 1822 1466 .
1848 1450 1863 1467 .
1889 1451 1905 1478 ,
1952 1398 2292 1491 loquuntur
2328 1393 2653 1492 potens...

395 1527 518 1586 res,
549 1503 643 1573 lc'o
678 1557 693 1576 .
722 1502 832 1573 foi
861 1503 968 1573 w?
997 1505 1068 1591 (6
1091 1502 1155 1586 h,
1191 1508 1223 1572 1
1255 1527 1312 1598 e,
1343 1511 1421 1590 s),
1469 1529 1663 1598 quum
1694 1506 1790 1574 k'o
1836 1514 2222 1597 praeponant
2266 1515 2331 1574 et
2374 1502 2652 1575 attributi

395 1609 575 1700 signo
615 1608 689 1680 ‘ci
735 1610 1067 1690 denotent;
1113 1620 1220 1679 aut
1267 1612 1351 1680 lizi
1389 1607 1463 1679 ‘ci
1500 1607 1634 1702 ‘fin
1677 1612 1749 1696 (6
1766 1612 1828 1692 b,
1864 1617 2049 1697 1e,s)
2092 1616 2260 1682 venit
2302 1616 2413 1703 qui
2442 1612 2650 1691 homo,

397 1716 491 1784 vel
539 1717 746 1809 potius
788 1721 1040 1786 veniens
1099 1717 1322 1786 homo:
1382 1717 1466 1786 ita
1525 1719 1919 1809 Japonenses
1978 1717 2193 1786 dicunt
2248 1718 2465 1807 hitoqa
2519 1709 2653 1784 kim

398 1823 470 1905 (9
496 1845 560 1903 c,·
583 1820 642 1900 d,
675 1846 735 1903 e,
768 1823 809 1902 f,
840 1833 908 1904 a)
955 1823 1140 1891 homo
1177 1825 1366 1903 venit,
1413 1820 1522 1892 sed
1555 1823 1688 1892 kiza
1715 1824 1844 1892 hito
1892 1823 2079 1891 homo
2126 1821 2451 1915 quivenit,
2497 1844 2651 1915 pro-

393 1927 528 2044 porie
574 1929 686 1999 de'r
731 1929 1126 2019 yekommene
1171 1929 1446 1998 Mense-h.
1538 1929 1829 2021 Itemque
1877 1929 2253 1997 Annamitae
2316 1927 2647 2021 simplicis-

391 2032 548 2102 sime
579 2057 926 2127 pronomen
959 2036 1309 2115 relativum,
1355 2059 1479 2128 quo
1511 2045 1788 2114 careant,
1819 2034 2149 2103 verborum
2182 2034 2647 2104 constructione

392 2151 816 2233 compensant.
910 2144 1182 2212 Dicunt:
1243 2145 1328 2211 ηό
1377 2140 1508 2211 lam
1549 2143 1687 2212 viae
1730 2139 1836 2208 ille
1884 2140 2025 2208 facit
2077 2162 2231 2231 opus
2279 2141 2455 2226 (vido
2500 2161 2647 2207 mu-

391 2254 590 2314 tatum
635 2247 882 2316 videtur
929 2248 1210 2317 Sinicum
1253 2271 1348 2315 we
1409 2247 1478 2340 [6
1503 2235 1643 2339 a]).
1709 2244 1882 2315 Sed:
1950 2247 2085 2314 vido
2128 2249 2213 2314 ηό
2264 2243 2425 2326 lam,
2485 2269 2647 2337 opus

391 2353 532 2436 (ab)
579 2352 688 2420 illo
729 2357 972 2445 factum
1016 2353 1110 2422 vel
1158 2355 1331 2422 illius
1371 2357 1617 2444 factum
1660 2373 1805 2444 pro:
1855 2365 2035 2446 opus,
2083 2354 2262 2444 quod
2301 2352 2409 2422 ille
2433 2355 2597 2443 fecit.

566 2460 814 2549 Argute
870 2481 1016 2528 vero
1073 2461 1461 2552 Japonenses
1519 2458 1863 2550 genitivum
1921 2457 2193 2526 relativi.
2254 2481 2439 2548 cujus
2496 2479 2642 2550 sup-

389 2564 582 2656 plent.
677 2565 891 2647 Quum
940 2566 1106 2634 enim
1154 2588 1270 2634 nos
1315 2564 1393 2633 ab
1441 2565 1548 2646 iis,
1603 2587 1757 2659 quas
1803 2562 2141 2643 habemuS,
2198 2561 2391 2631 rebus
2452 2563 2642 2632 etiam

387 2671 605 2740 haberi
655 2670 866 2742 dicere
913 2682 1057 2765 apte
1104 2670 1323 2764 possiS,
1371 2694 1548 2740 casus
1580 2671 1887 2761 genitivus
1918 2695 1954 2740 a
1985 2668 2355 2764 pronomine
2389 2669 2451 2736 in
2485 2665 2640 2737 sub-

387 2777 739 2860 stantivum,
783 2802 818 2848 a
865 2801 990 2896 quo
1035 2776 1346 2868 genitivus
1391 2777 1709 2870 accipitur,
1756 2775 2071 2846 transferri
2119 2783 2344 2868 potest.
2418 2777 2638 2867 Itaque

385 2907 528 2976 pro:
574 2886 786 2964 home,
833 2883 1017 2974 cujus
1064 2908 1137 2953 os
1180 2889 1394 2974 qravis
1434 2883 1571 2978 (qui
1624 2884 1837 2974 lingua
1877 2881 2220 2968 haesitans]
2267 2879 2481 2952 dicunt
2521 2883 2637 2950 Ja-

385 3011 728 3081 ponenses:
773 2991 1024 3058 Kucino
1067 2994 1270 3058 omosi
1298 2991 1449 3068 hita,
1499 2994 1631 3060 oris
1659 2993 1875 3080 yravis
1904 2991 2092 3058 homo
2140 2993 2240 3058 ein
2272 2989 2385 3057 der
2420 2989 2638 3076 Zunqe

385 3095 684 3163 schwerer
731 3095 1006 3164 Mensch.

559 3200 660 3270 Ad
707 3201 975 3270 Sinicam
1018 3201 1292 3291 linguam
1341 3201 1692 3270 redeamus,
1783 3202 1989 3284 Quae,
2032 3200 2355 3295 quomodo
2397 3199 2634 3291 geniti-

383 3327 525 3375 vum
582 3305 818 3376 relativi
873 3306 1369 3389 circumscribat,
1418 3307 1548 3398 jam
1604 3305 1885 3379 vidimus.
1979 3309 2141 3376 Nam
2189 3309 2245 3376 Pi
2286 3305 2384 3400 psi
2438 3304 2515 3374 cii
2553 3302 2634 3375 ’σὸ

384 3417 452 3498 (5
477 3438 538 3508 q,
569 3413 698 3495 4d,
729 3417 770 3482 5
796 3424 841 3493 t,
874 3413 978 3498 h),
1025 3411 1195 3506 quod
1243 3436 1430 3505 supra
1475 3412 1868 3504 interpretati
1915 3436 2161 3482 sumus:
2216 3415 2456 3482 viribus
2498 3436 2633 3482 non

385 3521 835 3614 sufficientibus
871 3523 1239 3612 praeditus,
1299 3519 1526 3588 nostris
1573 3517 1799 3608 linguis
1844 3519 2048 3611 aptius
2094 3517 2391 3588 vertitur:
2446 3519 2633 3614 cujus

383 3631 539 3695 vires
565 3650 702 3695 non
737 3628 1080 3721 sufficiunt.
1152 3625 1436 3696 Tertium
1483 3624 1751 3717 denique
1785 3623 2111 3706 relativum
2144 3627 2217 3694 so
2249 3626 2321 3710 (6
2344 3625 2415 3710 h)
2445 3625 2632 3704 etiam

387 3755 522 3801 esse
569 3731 1128 3801 demonstrativum
1177 3734 1334 3801 infra
1384 3730 1968 3801 demonstrabimus.
2018 3733 2103 3784 --'
2161 3732 2379 3824 ltaque
2426 3729 2633 3820 lingua

383 3837 582 3906 Sinica
627 3861 846 3906 verum
889 3861 1232 3931 pronomen
1283 3837 1608 3906 relativum
1667 3859 1790 3904 non
1852 3837 2074 3917 habet,
2136 3836 2263 3925 sed
2304 3835 2631 3930 particulas

383 3953 616 4012 tantum
662 3943 968 4014 relativas.
1040 3943 1377 4026 Quomodo
1423 3954 1634 4012 autem
1682 3941 2341 4013 alias.enunciationes
2388 3952 2631 4012 nostras

382 4070 533 4141 quas
579 4048 792 4118 dicunt
838 4049 1296 4129 subordinataS,
1343 4049 1753 4118 substantivas
1801 4050 1926 4133 (vel
1973 4048 2347 4140 subjectivas
2395 4057 2461 4115 et
2506 4045 2629 4114 ob-

383 4153 556 4239 ti'vas)
589 4164 654 4222 et
683 4154 1065 4226 adverbiales
1099 4155 1583 4235 circumscribat,
1625 4177 1796 4246 ,nunc
1827 4153 2167 4222 videamus.
2219 4150 2407 4235 Quod
2439 4174 2625 4220 nemo

382 4259 546 4331 dicet
593 4284 717 4330 non
765 4261 844 4330 ad
892 4285 1004 4331 nos
1049 4263 1388 4355 pertinere.
1481 4263 1641 4330 Nam
1704 4260 1901 4328 omnis
1959 4257 2197 4353 periodi
2248 4253 2625 4326 constructio

309 4455 315 4462 .
383 4368 438 4436 in
485 4367 854 4462 pronomine
901 4369 1160 4438 relativo
1207 4365 1554 4460 posita'est‚
1603 4378 1669 4436 et
1700 4390 1920 4437 omnes
1966 4363 2433 4456 conjunctiones
2480 4373 2625 4434 sunt
